"EVENT_TYPE","EVENT_TIME","SYMBOL","TRADE_ID","PRICE","QUANTITY","BUYER_ORDER_ID","SELLER_ORDER_ID","TRADE_TIME","IS_BUYER_MARKET_MAKER"
"trade",10.10.23 12:39:39,"BTCUSDT",3234644067,27487.67,0.03703,22680782092,22680778995,10.10.23 12:39:39,"N"
"trade",10.10.23 12:39:40,"BTCUSDT",3234644068,27487.67,0.00152,22680782189,22680778995,10.10.23 12:39:40,"N"
"trade",10.10.23 12:39:41,"BTCUSDT",3234644071,27487.66,0.008,22680781239,22680782237,10.10.23 12:39:41,"Y"
"trade",10.10.23 12:39:41,"BTCUSDT",3234644069,27487.67,0.00363,22680782202,22680778995,10.10.23 12:39:41,"N"
"trade",10.10.23 12:39:41,"BTCUSDT",3234644070,27487.66,0.0055,22680781239,22680782203,10.10.23 12:39:41,"Y"
"trade",10.10.23 12:39:42,"BTCUSDT",3234644072,27487.66,0.00545,22680781239,22680782300,10.10.23 12:39:42,"Y"
"trade",10.10.23 12:39:42,"BTCUSDT",3234644073,27487.66,0.00045,22680781501,22680782312,10.10.23 12:39:42,"Y"
"trade",10.10.23 12:39:42,"BTCUSDT",3234644074,27487.66,0.00045,22680781501,22680782317,10.10.23 12:39:42,"Y"
"trade",10.10.23 12:39:42,"BTCUSDT",3234644075,27487.66,0.00168,22680781501,22680782327,10.10.23 12:39:42,"Y"
"trade",10.10.23 12:39:42,"BTCUSDT",3234644076,27487.66,0.00162,22680781501,22680782329,10.10.23 12:39:42,"Y"
"trade",10.10.23 12:39:42,"BTCUSDT",3234644077,27487.66,0.00168,22680781501,22680782330,10.10.23 12:39:42,"Y"
"trade",10.10.23 12:39:42,"BTCUSDT",3234644078,27487.66,0.01945,22680781553,22680782330,10.10.23 12:39:42,"Y"
"trade",10.10.23 12:39:42,"BTCUSDT",3234644079,27487.66,0.00726,22680781553,22680782337,10.10.23 12:39:42,"Y"
"trade",10.10.23 12:39:42,"BTCUSDT",3234644080,27487.66,0.00726,22680781553,22680782340,10.10.23 12:39:42,"Y"
"trade",10.10.23 12:39:42,"BTCUSDT",3234644081,27487.66,0.03102,22680781553,22680782351,10.10.23 12:39:42,"Y"
"trade",10.10.23 12:39:42,"BTCUSDT",3234644082,27487.66,0.00075,22680781562,22680782351,10.10.23 12:39:42,"Y"
"trade",10.10.23 12:39:42,"BTCUSDT",3234644083,27487.66,0.00333,22680781623,22680782351,10.10.23 12:39:42,"Y"
"trade",10.10.23 12:39:42,"BTCUSDT",3234644084,27487.67,0.01819,22680782352,22680778995,10.10.23 12:39:42,"N"
"trade",10.10.23 12:39:43,"BTCUSDT",3234644085,27487.67,0.01819,22680782365,22680778995,10.10.23 12:39:43,"N"
"trade",10.10.23 12:39:43,"BTCUSDT",3234644086,27487.67,0.0004,22680782390,22680778995,10.10.23 12:39:43,"N"
"trade",10.10.23 12:39:43,"BTCUSDT",3234644087,27487.67,0.01819,22680782395,22680778995,10.10.23 12:39:43,"N"
"trade",10.10.23 12:39:43,"BTCUSDT",3234644088,27487.67,0.01819,22680782411,22680778995,10.10.23 12:39:43,"N"
"trade",10.10.23 12:39:44,"BTCUSDT",3234644089,27487.67,0.01819,22680782453,22680778995,10.10.23 12:39:44,"N"
"trade",10.10.23 12:39:44,"BTCUSDT",3234644090,27487.66,0.01109,22680781623,22680782475,10.10.23 12:39:44,"Y"
"trade",10.10.23 12:39:44,"BTCUSDT",3234644091,27487.67,0.07275,22680782481,22680778995,10.10.23 12:39:44,"N"
"trade",10.10.23 12:39:44,"BTCUSDT",3234644092,27487.67,0.0048,22680782483,22680778995,10.10.23 12:39:44,"N"
"trade",10.10.23 12:39:44,"BTCUSDT",3234644093,27487.67,0.01819,22680782494,22680778995,10.10.23 12:39:44,"N"
"trade",10.10.23 12:39:45,"BTCUSDT",3234644094,27487.67,0.01819,22680782593,22680778995,10.10.23 12:39:45,"N"
"trade",10.10.23 12:39:45,"BTCUSDT",3234644095,27487.66,0.09782,22680781623,22680782650,10.10.23 12:39:45,"Y"
"trade",10.10.23 12:39:45,"BTCUSDT",3234644096,27487.66,0.01389,22680781658,22680782650,10.10.23 12:39:45,"Y"
"trade",10.10.23 12:39:45,"BTCUSDT",3234644097,27487.66,0.00555,22680782019,22680782650,10.10.23 12:39:45,"Y"
"trade",10.10.23 12:39:45,"BTCUSDT",3234644098,27487.66,0.06554,22680782080,22680782650,10.10.23 12:39:45,"Y"
"trade",10.10.23 12:39:45,"BTCUSDT",3234644099,27487.66,0.01346,22680782158,22680782650,10.10.23 12:39:45,"Y"
"trade",10.10.23 12:39:45,"BTCUSDT",3234644100,27487.67,0.01819,22680782656,22680778995,10.10.23 12:39:45,"N"
"trade",10.10.23 12:39:45,"BTCUSDT",3234644101,27487.66,0.0109,22680782158,22680782657,10.10.23 12:39:45,"Y"
"trade",10.10.23 12:39:45,"BTCUSDT",3234644102,27487.67,0.00137,22680782663,22680778995,10.10.23 12:39:45,"N"
"trade",10.10.23 12:39:46,"BTCUSDT",3234644103,27487.66,0.00324,22680782158,22680782684,10.10.23 12:39:46,"Y"
"trade",10.10.23 12:39:46,"BTCUSDT",3234644104,27487.67,0.01819,22680782706,22680778995,10.10.23 12:39:46,"N"
"trade",10.10.23 12:39:46,"BTCUSDT",3234644105,27487.66,0.00884,22680782158,22680782847,10.10.23 12:39:46,"Y"
"trade",10.10.23 12:39:46,"BTCUSDT",3234644106,27487.67,0.01819,22680782848,22680778995,10.10.23 12:39:46,"N"
"trade",10.10.23 12:39:47,"BTCUSDT",3234644107,27487.67,0.3,22680782862,22680778995,10.10.23 12:39:47,"N"
"trade",10.10.23 12:39:47,"BTCUSDT",3234644108,27487.67,0.00313,22680782871,22680778995,10.10.23 12:39:47,"N"
"trade",10.10.23 12:39:47,"BTCUSDT",3234644109,27487.67,0.00933,22680782873,22680778995,10.10.23 12:39:47,"N"
"trade",10.10.23 12:39:47,"BTCUSDT",3234644110,27487.67,0.00019,22680782875,22680778995,10.10.23 12:39:47,"N"
"trade",10.10.23 12:39:47,"BTCUSDT",3234644111,27487.67,0.00043,22680782877,22680778995,10.10.23 12:39:47,"N"
"trade",10.10.23 12:39:47,"BTCUSDT",3234644112,27487.66,0.002,22680782158,22680782889,10.10.23 12:39:47,"Y"
"trade",10.10.23 12:39:47,"BTCUSDT",3234644113,27487.66,0.01017,22680782158,22680782890,10.10.23 12:39:47,"Y"
"trade",10.10.23 12:39:47,"BTCUSDT",3234644114,27487.66,0.00232,22680782158,22680782891,10.10.23 12:39:47,"Y"
"trade",10.10.23 12:39:47,"BTCUSDT",3234644115,27487.67,0.00272,22680782905,22680778995,10.10.23 12:39:47,"N"
"trade",10.10.23 12:39:48,"BTCUSDT",3234644116,27487.67,0.00234,22680782972,22680778995,10.10.23 12:39:48,"N"
"trade",10.10.23 12:39:49,"BTCUSDT",3234644117,27487.66,0.00239,22680782158,22680783041,10.10.23 12:39:49,"Y"
"trade",10.10.23 12:39:50,"BTCUSDT",3234644118,27487.67,0.00181,22680783047,22680778995,10.10.23 12:39:50,"N"
"trade",10.10.23 12:39:50,"BTCUSDT",3234644119,27487.67,0.0288,22680783061,22680778995,10.10.23 12:39:50,"N"
"trade",10.10.23 12:39:50,"BTCUSDT",3234644120,27487.66,0.00207,22680782158,22680783068,10.10.23 12:39:50,"Y"
"trade",10.10.23 12:39:51,"BTCUSDT",3234644121,27487.66,0.00163,22680782158,22680783096,10.10.23 12:39:51,"Y"
"trade",10.10.23 12:39:51,"BTCUSDT",3234644122,27487.67,0.00727,22680783110,22680778995,10.10.23 12:39:51,"N"
"trade",10.10.23 12:39:51,"BTCUSDT",3234644123,27487.66,0.00043,22680782158,22680783111,10.10.23 12:39:51,"Y"
"trade",10.10.23 12:39:52,"BTCUSDT",3234644124,27487.67,0.00073,22680783155,22680778995,10.10.23 12:39:52,"N"
"trade",10.10.23 12:39:52,"BTCUSDT",3234644125,27487.66,0.00127,22680782158,22680783170,10.10.23 12:39:52,"Y"
"trade",10.10.23 12:39:53,"BTCUSDT",3234644303,27490.96,0.00036,22680784005,22680772263,10.10.23 12:39:53,"N"
"trade",10.10.23 12:39:53,"BTCUSDT",3234644300,27490.88,0.00033,22680784005,22680772282,10.10.23 12:39:53,"N"
"trade",10.10.23 12:39:53,"BTCUSDT",3234644301,27490.89,0.00036,22680784005,22680772237,10.10.23 12:39:53,"N"
"trade",10.10.23 12:39:53,"BTCUSDT",3234644302,27490.92,0.00025,22680784005,22680772953,10.10.23 12:39:53,"N"
"trade",10.10.23 12:39:53,"BTCUSDT",3234644304,27491,0.00033,22680784005,22680772307,10.10.23 12:39:53,"N"
"trade",10.10.23 12:39:53,"BTCUSDT",3234644305,27491.02,0.00022,22680784005,22680771701,10.10.23 12:39:53,"N"
"trade",10.10.23 12:39:53,"BTCUSDT",3234644306,27491.03,0.00036,22680784005,22680772281,10.10.23 12:39:53,"N"
"trade",10.10.23 12:39:53,"BTCUSDT",3234644307,27491.08,0.00025,22680784005,22680773064,10.10.23 12:39:53,"N"
"trade",10.10.23 12:39:53,"BTCUSDT",3234644308,27491.1,0.00036,22680784005,22680772300,10.10.23 12:39:53,"N"
"trade",10.10.23 12:39:53,"BTCUSDT",3234644309,27491.12,0.00033,22680784005,22680772329,10.10.23 12:39:53,"N"
"trade",10.10.23 12:39:53,"BTCUSDT",3234644310,27491.17,0.00036,22680784005,22680772328,10.10.23 12:39:53,"N"
"trade",10.10.23 12:39:53,"BTCUSDT",3234644311,27491.24,0.00036,22680784005,22680772342,10.10.23 12:39:53,"N"
"trade",10.10.23 12:39:53,"BTCUSDT",3234644312,27491.24,0.00033,22680784005,22680772343,10.10.23 12:39:53,"N"
"trade",10.10.23 12:39:53,"BTCUSDT",3234644313,27491.24,0.00025,22680784005,22680773101,10.10.23 12:39:53,"N"
"trade",10.10.23 12:39:53,"BTCUSDT",3234644314,27491.31,0.00036,22680784005,22680772355,10.10.23 12:39:53,"N"
"trade",10.10.23 12:39:53,"BTCUSDT",3234644315,27491.36,0.00033,22680784005,22680772133,10.10.23 12:39:53,"N"
"trade",10.10.23 12:39:53,"BTCUSDT",3234644316,27491.38,0.00022,22680784005,22680771666,10.10.23 12:39:53,"N"
"trade",10.10.23 12:39:53,"BTCUSDT",3234644317,27491.38,0.00036,22680784005,22680772362,10.10.23 12:39:53,"N"
"trade",10.10.23 12:39:53,"BTCUSDT",3234644318,27491.4,0.00025,22680784005,22680773124,10.10.23 12:39:53,"N"
"trade",10.10.23 12:39:53,"BTCUSDT",3234644319,27491.45,0.00036,22680784005,22680772370,10.10.23 12:39:53,"N"
"trade",10.10.23 12:39:53,"BTCUSDT",3234644320,27491.48,0.00033,22680784005,22680772159,10.10.23 12:39:53,"N"
"trade",10.10.23 12:39:53,"BTCUSDT",3234644321,27491.52,0.00036,22680784005,22680772231,10.10.23 12:39:53,"N"
"trade",10.10.23 12:39:53,"BTCUSDT",3234644322,27491.56,0.00025,22680784005,22680773141,10.10.23 12:39:53,"N"
"trade",10.10.23 12:39:53,"BTCUSDT",3234644323,27491.59,0.00036,22680784005,22680772261,10.10.23 12:39:53,"N"
"trade",10.10.23 12:39:53,"BTCUSDT",3234644324,27491.6,0.00033,22680784005,22680772192,10.10.23 12:39:53,"N"
"trade",10.10.23 12:39:53,"BTCUSDT",3234644325,27491.66,0.00036,22680784005,22680772279,10.10.23 12:39:53,"N"
"trade",10.10.23 12:39:53,"BTCUSDT",3234644326,27491.72,0.00025,22680784005,22680772046,10.10.23 12:39:53,"N"
"trade",10.10.23 12:39:53,"BTCUSDT",3234644327,27491.72,0.00033,22680784005,22680772228,10.10.23 12:39:53,"N"
"trade",10.10.23 12:39:53,"BTCUSDT",3234644328,27491.73,0.00036,22680784005,22680772296,10.10.23 12:39:53,"N"
"trade",10.10.23 12:39:53,"BTCUSDT",3234644329,27491.74,0.00022,22680784005,22680771528,10.10.23 12:39:53,"N"
"trade",10.10.23 12:39:53,"BTCUSDT",3234644330,27491.74,0.00022,22680784005,22680771639,10.10.23 12:39:53,"N"
"trade",10.10.23 12:39:53,"BTCUSDT",3234644331,27491.8,0.00036,22680784005,22680772312,10.10.23 12:39:53,"N"
"trade",10.10.23 12:39:53,"BTCUSDT",3234644332,27491.84,0.00033,22680784005,22680772236,10.10.23 12:39:53,"N"
"trade",10.10.23 12:39:53,"BTCUSDT",3234644333,27491.87,0.00036,22680784005,22680772336,10.10.23 12:39:53,"N"
"trade",10.10.23 12:39:53,"BTCUSDT",3234644334,27491.88,0.00025,22680784005,22680772117,10.10.23 12:39:53,"N"
"trade",10.10.23 12:39:53,"BTCUSDT",3234644335,27491.94,0.00036,22680784005,22680772344,10.10.23 12:39:53,"N"
"trade",10.10.23 12:39:53,"BTCUSDT",3234644336,27491.96,0.00033,22680784005,22680772269,10.10.23 12:39:53,"N"
"trade",10.10.23 12:39:53,"BTCUSDT",3234644337,27492.01,0.00036,22680784005,22680772359,10.10.23 12:39:53,"N"
"trade",10.10.23 12:39:53,"BTCUSDT",3234644338,27492.04,0.00025,22680784005,22680772150,10.10.23 12:39:53,"N"
"trade",10.10.23 12:39:53,"BTCUSDT",3234644339,27492.08,0.00033,22680784005,22680772293,10.10.23 12:39:53,"N"
"trade",10.10.23 12:39:53,"BTCUSDT",3234644340,27492.08,0.00036,22680784005,22680772369,10.10.23 12:39:53,"N"
"trade",10.10.23 12:39:53,"BTCUSDT",3234644341,27492.1,0.00022,22680784005,22680771519,10.10.23 12:39:53,"N"
"trade",10.10.23 12:39:53,"BTCUSDT",3234644342,27492.15,0.00036,22680784005,22680772376,10.10.23 12:39:53,"N"
"trade",10.10.23 12:39:53,"BTCUSDT",3234644343,27492.2,0.00025,22680784005,22680772163,10.10.23 12:39:53,"N"
"trade",10.10.23 12:39:53,"BTCUSDT",3234644344,27492.2,0.00033,22680784005,22680772313,10.10.23 12:39:53,"N"
"trade",10.10.23 12:39:53,"BTCUSDT",3234644345,27492.22,0.00036,22680784005,22680772226,10.10.23 12:39:53,"N"
"trade",10.10.23 12:39:53,"BTCUSDT",3234644346,27492.29,0.00036,22680784005,22680772254,10.10.23 12:39:53,"N"
"trade",10.10.23 12:39:53,"BTCUSDT",3234644347,27492.32,0.00033,22680784005,22680772333,10.10.23 12:39:53,"N"
"trade",10.10.23 12:39:53,"BTCUSDT",3234644348,27492.34,0.00049,22680784005,22680783915,10.10.23 12:39:53,"N"
"trade",10.10.23 12:39:53,"BTCUSDT",3234644349,27492.36,0.00025,22680784005,22680772191,10.10.23 12:39:53,"N"
"trade",10.10.23 12:39:53,"BTCUSDT",3234644350,27492.36,0.00036,22680784005,22680772273,10.10.23 12:39:53,"N"
"trade",10.10.23 12:39:53,"BTCUSDT",3234644351,27492.41,0.05695,22680784082,22680784033,10.10.23 12:39:53,"N"
"trade",10.10.23 12:39:53,"BTCUSDT",3234644352,27492.41,0.06999,22680784110,22680784033,10.10.23 12:39:53,"N"
"trade",10.10.23 12:39:53,"BTCUSDT",3234644353,27492.4,0.0052,22680784005,22680784202,10.10.23 12:39:53,"Y"
"trade",10.10.23 12:39:53,"BTCUSDT",3234644354,27492.4,0.00224,22680784006,22680784202,10.10.23 12:39:53,"Y"
"trade",10.10.23 12:39:53,"BTCUSDT",3234644355,27492.4,0.00078,22680784006,22680784238,10.10.23 12:39:53,"Y"
"trade",10.10.23 12:39:53,"BTCUSDT",3234644356,27492.4,0.00489,22680784006,22680784252,10.10.23 12:39:53,"Y"
"trade",10.10.23 12:39:53,"BTCUSDT",3234644357,27492.4,0.00067,22680784006,22680784285,10.10.23 12:39:53,"Y"
"trade",10.10.23 12:39:53,"BTCUSDT",3234644358,27492.4,0.00107,22680784006,22680784348,10.10.23 12:39:53,"Y"
"trade",10.10.23 12:39:53,"BTCUSDT",3234644359,27492.41,0.0005,22680784356,22680784033,10.10.23 12:39:53,"N"
"trade",10.10.23 12:39:53,"BTCUSDT",3234644126,27487.67,0.00048,22680783186,22680779006,10.10.23 12:39:53,"N"
"trade",10.10.23 12:39:53,"BTCUSDT",3234644127,27487.67,0.00049,22680783186,22680779007,10.10.23 12:39:53,"N"
"trade",10.10.23 12:39:53,"BTCUSDT",3234644128,27487.67,0.00049,22680783186,22680779341,10.10.23 12:39:53,"N"
"trade",10.10.23 12:39:53,"BTCUSDT",3234644129,27487.67,0.00048,22680783186,22680780297,10.10.23 12:39:53,"N"
"trade",10.10.23 12:39:53,"BTCUSDT",3234644130,27487.67,0.00181,22680783186,22680781092,10.10.23 12:39:53,"N"
"trade",10.10.23 12:39:53,"BTCUSDT",3234644131,27487.67,0.09308,22680783186,22680781283,10.10.23 12:39:53,"N"
"trade",10.10.23 12:39:53,"BTCUSDT",3234644132,27487.67,0.00929,22680783186,22680781353,10.10.23 12:39:53,"N"
"trade",10.10.23 12:39:53,"BTCUSDT",3234644133,27487.67,0.0229,22680783186,22680782252,10.10.23 12:39:53,"N"
"trade",10.10.23 12:39:53,"BTCUSDT",3234644134,27487.67,0.03919,22680783186,22680782258,10.10.23 12:39:53,"N"
"trade",10.10.23 12:39:53,"BTCUSDT",3234644135,27487.67,0.09678,22680783186,22680782759,10.10.23 12:39:53,"N"
"trade",10.10.23 12:39:53,"BTCUSDT",3234644136,27487.67,0.03649,22680783186,22680782881,10.10.23 12:39:53,"N"
"trade",10.10.23 12:39:53,"BTCUSDT",3234644137,27487.67,0.00058,22680783186,22680782960,10.10.23 12:39:53,"N"
"trade",10.10.23 12:39:53,"BTCUSDT",3234644138,27487.67,0.26685,22680783194,22680782960,10.10.23 12:39:53,"N"
"trade",10.10.23 12:39:53,"BTCUSDT",3234644139,27487.67,0.70253,22680783194,22680782968,10.10.23 12:39:53,"N"
"trade",10.10.23 12:39:53,"BTCUSDT",3234644140,27487.67,0.001,22680783194,22680783014,10.10.23 12:39:53,"N"
"trade",10.10.23 12:39:53,"BTCUSDT",3234644141,27487.67,0.00685,22680783194,22680783038,10.10.23 12:39:53,"N"
"trade",10.10.23 12:39:53,"BTCUSDT",3234644142,27487.67,0.01091,22680783194,22680783087,10.10.23 12:39:53,"N"
"trade",10.10.23 12:39:53,"BTCUSDT",3234644143,27487.67,0.25198,22680783194,22680783095,10.10.23 12:39:53,"N"
"trade",10.10.23 12:39:53,"BTCUSDT",3234644144,27487.67,0.00174,22680783194,22680783109,10.10.23 12:39:53,"N"
"trade",10.10.23 12:39:53,"BTCUSDT",3234644145,27487.67,0.00108,22680783194,22680783129,10.10.23 12:39:53,"N"
"trade",10.10.23 12:39:53,"BTCUSDT",3234644146,27487.67,0.00318,22680783194,22680783131,10.10.23 12:39:53,"N"
"trade",10.10.23 12:39:53,"BTCUSDT",3234644147,27487.67,0.25915,22680783194,22680783162,10.10.23 12:39:53,"N"
"trade",10.10.23 12:39:53,"BTCUSDT",3234644148,27487.67,0.26069,22680783194,22680783166,10.10.23 12:39:53,"N"
"trade",10.10.23 12:39:53,"BTCUSDT",3234644149,27487.67,0.13616,22680783194,22680783189,10.10.23 12:39:53,"N"
"trade",10.10.23 12:39:53,"BTCUSDT",3234644150,27487.67,0.00152,22680783194,22680783095,10.10.23 12:39:53,"N"
"trade",10.10.23 12:39:53,"BTCUSDT",3234644151,27487.67,0.25046,22680783196,22680783095,10.10.23 12:39:53,"N"
"trade",10.10.23 12:39:53,"BTCUSDT",3234644152,27487.67,0.25915,22680783196,22680783162,10.10.23 12:39:53,"N"
"trade",10.10.23 12:39:53,"BTCUSDT",3234644153,27487.67,0.26069,22680783196,22680783166,10.10.23 12:39:53,"N"
"trade",10.10.23 12:39:53,"BTCUSDT",3234644154,27487.67,0.25198,22680783196,22680783095,10.10.23 12:39:53,"N"
"trade",10.10.23 12:39:53,"BTCUSDT",3234644155,27487.67,0.25915,22680783196,22680783162,10.10.23 12:39:53,"N"
"trade",10.10.23 12:39:53,"BTCUSDT",3234644156,27487.67,0.26069,22680783196,22680783166,10.10.23 12:39:53,"N"
"trade",10.10.23 12:39:53,"BTCUSDT",3234644157,27487.67,0.25198,22680783196,22680783095,10.10.23 12:39:53,"N"
"trade",10.10.23 12:39:53,"BTCUSDT",3234644158,27487.67,0.25915,22680783196,22680783162,10.10.23 12:39:53,"N"
"trade",10.10.23 12:39:53,"BTCUSDT",3234644159,27487.67,0.10916,22680783196,22680783166,10.10.23 12:39:53,"N"
"trade",10.10.23 12:39:53,"BTCUSDT",3234644160,27487.67,0.15153,22680783198,22680783166,10.10.23 12:39:53,"N"
"trade",10.10.23 12:39:53,"BTCUSDT",3234644161,27487.67,0.25198,22680783198,22680783095,10.10.23 12:39:53,"N"
"trade",10.10.23 12:39:53,"BTCUSDT",3234644162,27487.67,0.25915,22680783198,22680783162,10.10.23 12:39:53,"N"
"trade",10.10.23 12:39:53,"BTCUSDT",3234644163,27487.67,0.17853,22680783198,22680783166,10.10.23 12:39:53,"N"
"trade",10.10.23 12:39:53,"BTCUSDT",3234644164,27487.67,0.08216,22680783200,22680783166,10.10.23 12:39:53,"N"
"trade",10.10.23 12:39:53,"BTCUSDT",3234644165,27487.67,0.25198,22680783200,22680783095,10.10.23 12:39:53,"N"
"trade",10.10.23 12:39:53,"BTCUSDT",3234644166,27487.67,0.25915,22680783200,22680783162,10.10.23 12:39:53,"N"
"trade",10.10.23 12:39:53,"BTCUSDT",3234644167,27487.67,0.26069,22680783200,22680783166,10.10.23 12:39:53,"N"
"trade",10.10.23 12:39:53,"BTCUSDT",3234644168,27487.67,0.25198,22680783200,22680783095,10.10.23 12:39:53,"N"
"trade",10.10.23 12:39:53,"BTCUSDT",3234644169,27487.67,0.25915,22680783200,22680783162,10.10.23 12:39:53,"N"
"trade",10.10.23 12:39:53,"BTCUSDT",3234644170,27487.67,0.26069,22680783200,22680783166,10.10.23 12:39:53,"N"
"trade",10.10.23 12:39:53,"BTCUSDT",3234644171,27487.67,0.25198,22680783200,22680783095,10.10.23 12:39:53,"N"
"trade",10.10.23 12:39:53,"BTCUSDT",3234644172,27487.67,0.25915,22680783200,22680783162,10.10.23 12:39:53,"N"
"trade",10.10.23 12:39:53,"BTCUSDT",3234644173,27487.67,0.26069,22680783200,22680783166,10.10.23 12:39:53,"N"
"trade",10.10.23 12:39:53,"BTCUSDT",3234644174,27487.67,0.25198,22680783200,22680783095,10.10.23 12:39:53,"N"
"trade",10.10.23 12:39:53,"BTCUSDT",3234644175,27487.67,0.25915,22680783200,22680783162,10.10.23 12:39:53,"N"
"trade",10.10.23 12:39:53,"BTCUSDT",3234644176,27487.67,0.26069,22680783200,22680783166,10.10.23 12:39:53,"N"
"trade",10.10.23 12:39:53,"BTCUSDT",3234644177,27487.67,0.21849,22680783200,22680783095,10.10.23 12:39:53,"N"
"trade",10.10.23 12:39:53,"BTCUSDT",3234644178,27487.67,0.03347,22680783201,22680783095,10.10.23 12:39:53,"N"
"trade",10.10.23 12:39:53,"BTCUSDT",3234644179,27487.67,0.22643,22680783201,22680783162,10.10.23 12:39:53,"N"
"trade",10.10.23 12:39:53,"BTCUSDT",3234644180,27487.67,0.03264,22680783202,22680783162,10.10.23 12:39:53,"N"
"trade",10.10.23 12:39:53,"BTCUSDT",3234644181,27487.67,0.26062,22680783202,22680783166,10.10.23 12:39:53,"N"
"trade",10.10.23 12:39:53,"BTCUSDT",3234644182,27487.72,0.00025,22680783202,22680774450,10.10.23 12:39:53,"N"
"trade",10.10.23 12:39:53,"BTCUSDT",3234644183,27487.74,0.00036,22680783202,22680774370,10.10.23 12:39:53,"N"
"trade",10.10.23 12:39:53,"BTCUSDT",3234644184,27487.76,0.00033,22680783202,22680774358,10.10.23 12:39:53,"N"
"trade",10.10.23 12:39:53,"BTCUSDT",3234644185,27487.78,0.00022,22680783202,22680774337,10.10.23 12:39:53,"N"
"trade",10.10.23 12:39:53,"BTCUSDT",3234644186,27487.81,0.00036,22680783202,22680774041,10.10.23 12:39:53,"N"
"trade",10.10.23 12:39:53,"BTCUSDT",3234644187,27487.88,0.00033,22680783202,22680774291,10.10.23 12:39:53,"N"
"trade",10.10.23 12:39:53,"BTCUSDT",3234644188,27487.88,0.00025,22680783202,22680774307,10.10.23 12:39:53,"N"
"trade",10.10.23 12:39:53,"BTCUSDT",3234644189,27487.88,0.00036,22680783202,22680774312,10.10.23 12:39:53,"N"
"trade",10.10.23 12:39:53,"BTCUSDT",3234644190,27487.95,0.00036,22680783202,22680774049,10.10.23 12:39:53,"N"
"trade",10.10.23 12:39:53,"BTCUSDT",3234644191,27488,0.00033,22680783202,22680774040,10.10.23 12:39:53,"N"
"trade",10.10.23 12:39:53,"BTCUSDT",3234644192,27488,0.2597,22680783202,22680777300,10.10.23 12:39:53,"N"
"trade",10.10.23 12:39:53,"BTCUSDT",3234644193,27488,0.47028,22680783209,22680777300,10.10.23 12:39:53,"N"
"trade",10.10.23 12:39:53,"BTCUSDT",3234644194,27488,0.26902,22680783225,22680777300,10.10.23 12:39:53,"N"
"trade",10.10.23 12:39:53,"BTCUSDT",3234644195,27488,0.00072,22680783225,22680778365,10.10.23 12:39:53,"N"
"trade",10.10.23 12:39:53,"BTCUSDT",3234644196,27488.01,0.00063,22680783225,22680773753,10.10.23 12:39:53,"N"
"trade",10.10.23 12:39:53,"BTCUSDT",3234644197,27488.01,0.00098,22680783225,22680781508,10.10.23 12:39:53,"N"
"trade",10.10.23 12:39:53,"BTCUSDT",3234644198,27488.02,0.00036,22680783225,22680774026,10.10.23 12:39:53,"N"
"trade",10.10.23 12:39:53,"BTCUSDT",3234644199,27488.04,0.00025,22680783225,22680774032,10.10.23 12:39:53,"N"
"trade",10.10.23 12:39:53,"BTCUSDT",3234644200,27488.09,0.00036,22680783232,22680773046,10.10.23 12:39:53,"N"
"trade",10.10.23 12:39:53,"BTCUSDT",3234644201,27488.12,0.00033,22680783232,22680773461,10.10.23 12:39:53,"N"
"trade",10.10.23 12:39:53,"BTCUSDT",3234644202,27488.14,0.00022,22680783232,22680774051,10.10.23 12:39:53,"N"
"trade",10.10.23 12:39:53,"BTCUSDT",3234644203,27488.16,0.00036,22680783232,22680772928,10.10.23 12:39:53,"N"
"trade",10.10.23 12:39:53,"BTCUSDT",3234644204,27488.2,0.00025,22680783232,22680773094,10.10.23 12:39:53,"N"
"trade",10.10.23 12:39:53,"BTCUSDT",3234644205,27488.23,0.00036,22680783232,22680772918,10.10.23 12:39:53,"N"
"trade",10.10.23 12:39:53,"BTCUSDT",3234644206,27488.24,0.00033,22680783232,22680772880,10.10.23 12:39:53,"N"
"trade",10.10.23 12:39:53,"BTCUSDT",3234644207,27488.3,0.00036,22680783232,22680772913,10.10.23 12:39:53,"N"
"trade",10.10.23 12:39:53,"BTCUSDT",3234644208,27488.36,0.00033,22680783232,22680772776,10.10.23 12:39:53,"N"
"trade",10.10.23 12:39:53,"BTCUSDT",3234644209,27488.36,0.00025,22680783232,22680772889,10.10.23 12:39:53,"N"
"trade",10.10.23 12:39:53,"BTCUSDT",3234644210,27488.37,0.00036,22680783232,22680772887,10.10.23 12:39:53,"N"
"trade",10.10.23 12:39:53,"BTCUSDT",3234644211,27488.44,0.00036,22680783232,22680772870,10.10.23 12:39:53,"N"
"trade",10.10.23 12:39:53,"BTCUSDT",3234644212,27488.48,0.00033,22680783232,22680772764,10.10.23 12:39:53,"N"
"trade",10.10.23 12:39:53,"BTCUSDT",3234644213,27488.5,0.00022,22680783232,22680772911,10.10.23 12:39:53,"N"
"trade",10.10.23 12:39:53,"BTCUSDT",3234644214,27488.51,0.00036,22680783232,22680772762,10.10.23 12:39:53,"N"
"trade",10.10.23 12:39:53,"BTCUSDT",3234644215,27488.52,0.00025,22680783232,22680773327,10.10.23 12:39:53,"N"
"trade",10.10.23 12:39:53,"BTCUSDT",3234644216,27488.58,0.00036,22680783232,22680772741,10.10.23 12:39:53,"N"
"trade",10.10.23 12:39:53,"BTCUSDT",3234644217,27488.6,0.00033,22680783232,22680772745,10.10.23 12:39:53,"N"
"trade",10.10.23 12:39:53,"BTCUSDT",3234644218,27488.65,0.00036,22680783232,22680772954,10.10.23 12:39:53,"N"
"trade",10.10.23 12:39:53,"BTCUSDT",3234644219,27488.68,0.00025,22680783232,22680773293,10.10.23 12:39:53,"N"
"trade",10.10.23 12:39:53,"BTCUSDT",3234644220,27488.72,0.00033,22680783232,22680772724,10.10.23 12:39:53,"N"
"trade",10.10.23 12:39:53,"BTCUSDT",3234644221,27488.72,0.00036,22680783232,22680772943,10.10.23 12:39:53,"N"
"trade",10.10.23 12:39:53,"BTCUSDT",3234644222,27488.79,0.00036,22680783232,22680772930,10.10.23 12:39:53,"N"
"trade",10.10.23 12:39:53,"BTCUSDT",3234644223,27488.79,0.12,22680783232,22680783001,10.10.23 12:39:53,"N"
"trade",10.10.23 12:39:53,"BTCUSDT",3234644224,27488.84,0.00033,22680783288,22680772932,10.10.23 12:39:53,"N"
"trade",10.10.23 12:39:53,"BTCUSDT",3234644225,27488.84,0.00025,22680783288,22680773259,10.10.23 12:39:53,"N"
"trade",10.10.23 12:39:53,"BTCUSDT",3234644226,27488.86,0.00022,22680783288,22680772746,10.10.23 12:39:53,"N"
"trade",10.10.23 12:39:53,"BTCUSDT",3234644227,27488.86,0.00036,22680783288,22680772924,10.10.23 12:39:53,"N"
"trade",10.10.23 12:39:53,"BTCUSDT",3234644228,27488.93,0.00036,22680783288,22680772914,10.10.23 12:39:53,"N"
"trade",10.10.23 12:39:53,"BTCUSDT",3234644229,27488.96,0.00033,22680783495,22680772929,10.10.23 12:39:53,"N"
"trade",10.10.23 12:39:53,"BTCUSDT",3234644230,27488.99,0.00019,22680783532,22680783494,10.10.23 12:39:53,"N"
"trade",10.10.23 12:39:53,"BTCUSDT",3234644231,27489,0.00036,22680783578,22680772896,10.10.23 12:39:53,"N"
"trade",10.10.23 12:39:53,"BTCUSDT",3234644232,27489,0.00025,22680783578,22680773235,10.10.23 12:39:53,"N"
"trade",10.10.23 12:39:53,"BTCUSDT",3234644233,27489.05,0.00019,22680783628,22680783581,10.10.23 12:39:53,"N"
"trade",10.10.23 12:39:53,"BTCUSDT",3234644234,27489.06,0.00557,22680783628,22680780640,10.10.23 12:39:53,"N"
"trade",10.10.23 12:39:53,"BTCUSDT",3234644235,27489.07,0.00036,22680783745,22680772882,10.10.23 12:39:53,"N"
"trade",10.10.23 12:39:53,"BTCUSDT",3234644236,27489.08,0.00033,22680783745,22680772920,10.10.23 12:39:53,"N"
"trade",10.10.23 12:39:53,"BTCUSDT",3234644237,27489.14,0.00036,22680783745,22680772872,10.10.23 12:39:53,"N"
"trade",10.10.23 12:39:53,"BTCUSDT",3234644238,27489.16,0.00025,22680783745,22680773219,10.10.23 12:39:53,"N"
"trade",10.10.23 12:39:53,"BTCUSDT",3234644239,27489.2,0.00033,22680783745,22680772912,10.10.23 12:39:53,"N"
"trade",10.10.23 12:39:53,"BTCUSDT",3234644240,27489.21,0.00036,22680783745,22680772766,10.10.23 12:39:53,"N"
"trade",10.10.23 12:39:53,"BTCUSDT",3234644241,27489.22,0.00022,22680783745,22680772888,10.10.23 12:39:53,"N"
"trade",10.10.23 12:39:53,"BTCUSDT",3234644242,27489.28,0.00036,22680783745,22680772743,10.10.23 12:39:53,"N"
"trade",10.10.23 12:39:53,"BTCUSDT",3234644243,27489.32,0.00033,22680783745,22680772893,10.10.23 12:39:53,"N"
"trade",10.10.23 12:39:53,"BTCUSDT",3234644244,27489.32,0.00025,22680783745,22680773173,10.10.23 12:39:53,"N"
"trade",10.10.23 12:39:53,"BTCUSDT",3234644245,27489.35,0.00036,22680783745,22680772978,10.10.23 12:39:53,"N"
"trade",10.10.23 12:39:53,"BTCUSDT",3234644246,27489.42,0.00036,22680783745,22680772952,10.10.23 12:39:53,"N"
"trade",10.10.23 12:39:53,"BTCUSDT",3234644247,27489.44,0.00033,22680783745,22680772881,10.10.23 12:39:53,"N"
"trade",10.10.23 12:39:53,"BTCUSDT",3234644248,27489.48,0.00025,22680783745,22680773160,10.10.23 12:39:53,"N"
"trade",10.10.23 12:39:53,"BTCUSDT",3234644249,27489.49,0.00036,22680783745,22680772949,10.10.23 12:39:53,"N"
"trade",10.10.23 12:39:53,"BTCUSDT",3234644250,27489.56,0.00033,22680783745,22680772875,10.10.23 12:39:53,"N"
"trade",10.10.23 12:39:53,"BTCUSDT",3234644251,27489.56,0.00036,22680783745,22680772935,10.10.23 12:39:53,"N"
"trade",10.10.23 12:39:53,"BTCUSDT",3234644252,27489.58,0.00022,22680783745,22680772772,10.10.23 12:39:53,"N"
"trade",10.10.23 12:39:53,"BTCUSDT",3234644253,27489.63,0.00644,22680783745,22680772618,10.10.23 12:39:53,"N"
"trade",10.10.23 12:39:53,"BTCUSDT",3234644254,27489.63,0.00036,22680783745,22680772922,10.10.23 12:39:53,"N"
"trade",10.10.23 12:39:53,"BTCUSDT",3234644255,27489.64,0.00025,22680783745,22680773153,10.10.23 12:39:53,"N"
"trade",10.10.23 12:39:53,"BTCUSDT",3234644256,27489.68,0.00033,22680783745,22680772768,10.10.23 12:39:53,"N"
"trade",10.10.23 12:39:53,"BTCUSDT",3234644257,27489.7,0.00036,22680783745,22680772917,10.10.23 12:39:53,"N"
"trade",10.10.23 12:39:53,"BTCUSDT",3234644258,27489.77,0.00036,22680783745,22680772898,10.10.23 12:39:53,"N"
"trade",10.10.23 12:39:53,"BTCUSDT",3234644259,27489.8,0.00033,22680783745,22680772763,10.10.23 12:39:53,"N"
"trade",10.10.23 12:39:53,"BTCUSDT",3234644260,27489.8,0.00025,22680783745,22680773146,10.10.23 12:39:53,"N"
"trade",10.10.23 12:39:53,"BTCUSDT",3234644261,27489.8,0.00668,22680783745,22680774204,10.10.23 12:39:53,"N"
"trade",10.10.23 12:39:53,"BTCUSDT",3234644262,27489.84,0.00036,22680783745,22680772878,10.10.23 12:39:53,"N"
"trade",10.10.23 12:39:53,"BTCUSDT",3234644263,27489.91,0.00036,22680783745,22680772775,10.10.23 12:39:53,"N"
"trade",10.10.23 12:39:53,"BTCUSDT",3234644264,27489.92,0.00033,22680783772,22680772742,10.10.23 12:39:53,"N"
"trade",10.10.23 12:39:53,"BTCUSDT",3234644265,27489.94,0.00022,22680783818,22680772876,10.10.23 12:39:53,"N"
"trade",10.10.23 12:39:53,"BTCUSDT",3234644266,27489.96,0.00025,22680783851,22680773144,10.10.23 12:39:53,"N"
"trade",10.10.23 12:39:53,"BTCUSDT",3234644267,27489.98,0.00036,22680783925,22680772761,10.10.23 12:39:53,"N"
"trade",10.10.23 12:39:53,"BTCUSDT",3234644268,27490,0.00072,22680783925,22680775209,10.10.23 12:39:53,"N"
"trade",10.10.23 12:39:53,"BTCUSDT",3234644269,27490.01,0.00203,22680783925,22680774597,10.10.23 12:39:53,"N"
"trade",10.10.23 12:39:53,"BTCUSDT",3234644270,27490.04,0.00033,22680783925,22680772723,10.10.23 12:39:53,"N"
"trade",10.10.23 12:39:53,"BTCUSDT",3234644271,27490.05,0.00036,22680783925,22680772731,10.10.23 12:39:53,"N"
"trade",10.10.23 12:39:53,"BTCUSDT",3234644272,27490.12,0.00036,22680783925,22680772248,10.10.23 12:39:53,"N"
"trade",10.10.23 12:39:53,"BTCUSDT",3234644273,27490.12,0.00025,22680783925,22680772737,10.10.23 12:39:53,"N"
"trade",10.10.23 12:39:53,"BTCUSDT",3234644274,27490.16,0.00033,22680783925,22680772146,10.10.23 12:39:53,"N"
"trade",10.10.23 12:39:53,"BTCUSDT",3234644275,27490.19,0.00036,22680783925,22680772276,10.10.23 12:39:53,"N"
"trade",10.10.23 12:39:53,"BTCUSDT",3234644276,27490.26,0.00036,22680783925,22680772289,10.10.23 12:39:53,"N"
"trade",10.10.23 12:39:53,"BTCUSDT",3234644277,27490.28,0.00033,22680783925,22680772161,10.10.23 12:39:53,"N"
"trade",10.10.23 12:39:53,"BTCUSDT",3234644278,27490.28,0.00025,22680783925,22680772804,10.10.23 12:39:53,"N"
"trade",10.10.23 12:39:53,"BTCUSDT",3234644279,27490.29,0.00037,22680783925,22680772643,10.10.23 12:39:53,"N"
"trade",10.10.23 12:39:53,"BTCUSDT",3234644280,27490.3,0.00022,22680783925,22680772748,10.10.23 12:39:53,"N"
"trade",10.10.23 12:39:53,"BTCUSDT",3234644281,27490.33,0.00036,22680783925,22680772310,10.10.23 12:39:53,"N"
"trade",10.10.23 12:39:53,"BTCUSDT",3234644282,27490.37,0.00959,22680783925,22680783607,10.10.23 12:39:53,"N"
"trade",10.10.23 12:39:53,"BTCUSDT",3234644283,27490.37,0.01632,22680784005,22680783607,10.10.23 12:39:53,"N"
"trade",10.10.23 12:39:53,"BTCUSDT",3234644284,27490.4,0.00033,22680784005,22680772185,10.10.23 12:39:53,"N"
"trade",10.10.23 12:39:53,"BTCUSDT",3234644285,27490.4,0.00036,22680784005,22680772331,10.10.23 12:39:53,"N"
"trade",10.10.23 12:39:53,"BTCUSDT",3234644286,27490.44,0.00025,22680784005,22680772910,10.10.23 12:39:53,"N"
"trade",10.10.23 12:39:53,"BTCUSDT",3234644287,27490.47,0.00036,22680784005,22680772345,10.10.23 12:39:53,"N"
"trade",10.10.23 12:39:53,"BTCUSDT",3234644288,27490.52,0.00033,22680784005,22680772202,10.10.23 12:39:53,"N"
"trade",10.10.23 12:39:53,"BTCUSDT",3234644289,27490.54,0.00036,22680784005,22680772356,10.10.23 12:39:53,"N"
"trade",10.10.23 12:39:53,"BTCUSDT",3234644290,27490.6,0.00025,22680784005,22680772926,10.10.23 12:39:53,"N"
"trade",10.10.23 12:39:53,"BTCUSDT",3234644291,27490.61,0.00036,22680784005,22680772365,10.10.23 12:39:53,"N"
"trade",10.10.23 12:39:53,"BTCUSDT",3234644292,27490.64,0.00033,22680784005,22680772230,10.10.23 12:39:53,"N"
"trade",10.10.23 12:39:53,"BTCUSDT",3234644293,27490.66,0.00022,22680784005,22680771723,10.10.23 12:39:53,"N"
"trade",10.10.23 12:39:53,"BTCUSDT",3234644294,27490.68,0.00036,22680784005,22680772374,10.10.23 12:39:53,"N"
"trade",10.10.23 12:39:53,"BTCUSDT",3234644295,27490.71,0.00049,22680784005,22680783911,10.10.23 12:39:53,"N"
"trade",10.10.23 12:39:53,"BTCUSDT",3234644296,27490.75,0.00036,22680784005,22680772384,10.10.23 12:39:53,"N"
"trade",10.10.23 12:39:53,"BTCUSDT",3234644297,27490.76,0.00033,22680784005,22680772251,10.10.23 12:39:53,"N"
"trade",10.10.23 12:39:53,"BTCUSDT",3234644298,27490.76,0.00025,22680784005,22680772947,10.10.23 12:39:53,"N"
"trade",10.10.23 12:39:53,"BTCUSDT",3234644299,27490.82,0.00036,22680784005,22680772219,10.10.23 12:39:53,"N"
"trade",10.10.23 12:39:54,"BTCUSDT",3234644360,27492.41,0.06998,22680784403,22680784033,10.10.23 12:39:54,"N"
"trade",10.10.23 12:39:54,"BTCUSDT",3234644361,27492.41,0.06999,22680784421,22680784033,10.10.23 12:39:54,"N"
"trade",10.10.23 12:39:54,"BTCUSDT",3234644362,27492.41,0.06999,22680784575,22680784033,10.10.23 12:39:54,"N"
"trade",10.10.23 12:39:55,"BTCUSDT",3234644363,27492.4,0.0007,22680784006,22680784603,10.10.23 12:39:55,"Y"
"trade",10.10.23 12:39:55,"BTCUSDT",3234644364,27492.41,0.01918,22680784629,22680784033,10.10.23 12:39:55,"N"
"trade",10.10.23 12:39:55,"BTCUSDT",3234644365,27492.41,0.06999,22680784633,22680784055,10.10.23 12:39:55,"N"
"trade",10.10.23 12:39:55,"BTCUSDT",3234644366,27492.4,0.0514,22680784006,22680784740,10.10.23 12:39:55,"Y"
"trade",10.10.23 12:39:55,"BTCUSDT",3234644367,27492.4,0.04078,22680784006,22680784749,10.10.23 12:39:55,"Y"
"trade",10.10.23 12:39:55,"BTCUSDT",3234644368,27492.4,0.00466,22680784006,22680784751,10.10.23 12:39:55,"Y"
"trade",10.10.23 12:39:55,"BTCUSDT",3234644369,27492.41,0.00884,22680784759,22680784121,10.10.23 12:39:55,"N"
"trade",10.10.23 12:39:55,"BTCUSDT",3234644370,27492.41,0.00644,22680784759,22680784458,10.10.23 12:39:55,"N"
"trade",10.10.23 12:39:55,"BTCUSDT",3234644371,27492.41,0.00648,22680784759,22680784459,10.10.23 12:39:55,"N"
"trade",10.10.23 12:39:55,"BTCUSDT",3234644372,27492.41,0.04823,22680784759,22680784555,10.10.23 12:39:55,"N"
"trade",10.10.23 12:39:55,"BTCUSDT",3234644373,27492.4,0.00036,22680784006,22680784773,10.10.23 12:39:55,"Y"
"trade",10.10.23 12:39:55,"BTCUSDT",3234644374,27492.41,0.00622,22680784781,22680784555,10.10.23 12:39:55,"N"
"trade",10.10.23 12:39:55,"BTCUSDT",3234644375,27492.41,0.02911,22680784781,22680784691,10.10.23 12:39:55,"N"
"trade",10.10.23 12:39:56,"BTCUSDT",3234644376,27492.41,0.06999,22680784827,22680784691,10.10.23 12:39:56,"N"
"trade",10.10.23 12:39:56,"BTCUSDT",3234644377,27492.4,0.00264,22680784006,22680784855,10.10.23 12:39:56,"Y"
"trade",10.10.23 12:39:57,"BTCUSDT",3234644378,27492.4,0.0901,22680784006,22680784944,10.10.23 12:39:57,"Y"
"trade",10.10.23 12:39:58,"BTCUSDT",3234644379,27492.4,0.07785,22680784006,22680785001,10.10.23 12:39:58,"Y"
"trade",10.10.23 12:39:59,"BTCUSDT",3234644380,27492.4,0.03096,22680784006,22680785046,10.10.23 12:39:59,"Y"
"trade",10.10.23 12:39:59,"BTCUSDT",3234644381,27492.4,0.0005,22680784006,22680785071,10.10.23 12:39:59,"Y"
"trade",10.10.23 12:39:59,"BTCUSDT",3234644382,27492.41,0.0007,22680785090,22680784762,10.10.23 12:39:59,"N"
"trade",10.10.23 12:39:59,"BTCUSDT",3234644383,27492.4,0.00215,22680784006,22680785101,10.10.23 12:39:59,"Y"
"trade",10.10.23 12:39:59,"BTCUSDT",3234644385,27492.4,0.00341,22680784006,22680785104,10.10.23 12:39:59,"Y"
"trade",10.10.23 12:39:59,"BTCUSDT",3234644384,27492.4,0.0018,22680784006,22680785102,10.10.23 12:39:59,"Y"
"trade",10.10.23 12:39:59,"BTCUSDT",3234644386,27492.41,0.00375,22680785106,22680784762,10.10.23 12:39:59,"N"
"trade",10.10.23 12:39:59,"BTCUSDT",3234644387,27492.41,0.00314,22680785108,22680784762,10.10.23 12:39:59,"N"
"trade",10.10.23 12:39:59,"BTCUSDT",3234644388,27492.4,0.00121,22680784006,22680785109,10.10.23 12:39:59,"Y"
"trade",10.10.23 12:39:59,"BTCUSDT",3234644389,27492.4,0.00189,22680784006,22680785111,10.10.23 12:39:59,"Y"
"trade",10.10.23 12:39:59,"BTCUSDT",3234644390,27492.41,0.00259,22680785112,22680784762,10.10.23 12:39:59,"N"
"trade",10.10.23 12:39:59,"BTCUSDT",3234644391,27492.41,0.003,22680785113,22680784762,10.10.23 12:39:59,"N"
"trade",10.10.23 12:39:59,"BTCUSDT",3234644392,27492.4,0.00345,22680784006,22680785114,10.10.23 12:39:59,"Y"
"trade",10.10.23 12:39:59,"BTCUSDT",3234644393,27492.41,0.00094,22680785116,22680784762,10.10.23 12:39:59,"N"
"trade",10.10.23 12:39:59,"BTCUSDT",3234644394,27492.4,0.00211,22680784006,22680785117,10.10.23 12:39:59,"Y"
"trade",10.10.23 12:39:59,"BTCUSDT",3234644395,27492.4,0.00056,22680784006,22680785118,10.10.23 12:39:59,"Y"
"trade",10.10.23 12:39:59,"BTCUSDT",3234644396,27492.41,0.00076,22680785119,22680784762,10.10.23 12:39:59,"N"
"trade",10.10.23 12:39:59,"BTCUSDT",3234644397,27492.4,0.00047,22680784006,22680785120,10.10.23 12:39:59,"Y"
"trade",10.10.23 12:39:59,"BTCUSDT",3234644398,27492.41,0.00089,22680785121,22680784762,10.10.23 12:39:59,"N"
"trade",10.10.23 12:39:59,"BTCUSDT",3234644399,27492.4,0.00321,22680784006,22680785122,10.10.23 12:39:59,"Y"
"trade",10.10.23 12:39:59,"BTCUSDT",3234644400,27492.4,0.00186,22680784006,22680785123,10.10.23 12:39:59,"Y"
"trade",10.10.23 12:39:59,"BTCUSDT",3234644401,27492.41,0.00223,22680785125,22680784762,10.10.23 12:39:59,"N"
"trade",10.10.23 12:39:59,"BTCUSDT",3234644402,27492.4,0.0038,22680784006,22680785126,10.10.23 12:39:59,"Y"
"trade",10.10.23 12:39:59,"BTCUSDT",3234644403,27492.4,0.00375,22680784006,22680785128,10.10.23 12:39:59,"Y"
"trade",10.10.23 12:39:59,"BTCUSDT",3234644404,27492.4,0.00179,22680784006,22680785129,10.10.23 12:39:59,"Y"
"trade",10.10.23 12:39:59,"BTCUSDT",3234644405,27492.4,0.00083,22680784006,22680785130,10.10.23 12:39:59,"Y"
"trade",10.10.23 12:39:59,"BTCUSDT",3234644406,27492.4,0.00203,22680784006,22680785131,10.10.23 12:39:59,"Y"
"trade",10.10.23 12:39:59,"BTCUSDT",3234644407,27492.41,0.00063,22680785132,22680784762,10.10.23 12:39:59,"N"
"trade",10.10.23 12:39:59,"BTCUSDT",3234644408,27492.41,0.00347,22680785135,22680784762,10.10.23 12:39:59,"N"
"trade",10.10.23 12:39:59,"BTCUSDT",3234644409,27492.41,0.0032,22680785136,22680784762,10.10.23 12:39:59,"N"
"trade",10.10.23 12:39:59,"BTCUSDT",3234644410,27492.4,0.00396,22680784006,22680785137,10.10.23 12:39:59,"Y"
"trade",10.10.23 12:39:59,"BTCUSDT",3234644411,27492.41,0.00231,22680785138,22680784762,10.10.23 12:39:59,"N"
"trade",10.10.23 12:39:59,"BTCUSDT",3234644412,27492.4,0.00218,22680784006,22680785139,10.10.23 12:39:59,"Y"
"trade",10.10.23 12:39:59,"BTCUSDT",3234644413,27492.4,0.00275,22680784006,22680785140,10.10.23 12:39:59,"Y"
"trade",10.10.23 12:39:59,"BTCUSDT",3234644414,27492.4,0.00314,22680784006,22680785142,10.10.23 12:39:59,"Y"
"trade",10.10.23 12:39:59,"BTCUSDT",3234644415,27492.41,0.00179,22680785145,22680784762,10.10.23 12:39:59,"N"
"trade",10.10.23 12:39:59,"BTCUSDT",3234644416,27492.41,0.00254,22680785146,22680784762,10.10.23 12:39:59,"N"
"trade",10.10.23 12:39:59,"BTCUSDT",3234644417,27492.41,0.00062,22680785148,22680784762,10.10.23 12:39:59,"N"
"trade",10.10.23 12:39:59,"BTCUSDT",3234644418,27492.41,0.00083,22680785149,22680784762,10.10.23 12:39:59,"N"
"trade",10.10.23 12:39:59,"BTCUSDT",3234644419,27492.41,0.00258,22680785151,22680784762,10.10.23 12:39:59,"N"
"trade",10.10.23 12:39:59,"BTCUSDT",3234644420,27492.4,0.0032,22680784006,22680785152,10.10.23 12:39:59,"Y"
"trade",10.10.23 12:39:59,"BTCUSDT",3234644421,27492.41,0.00266,22680785153,22680784762,10.10.23 12:39:59,"N"
"trade",10.10.23 12:39:59,"BTCUSDT",3234644422,27492.41,0.00056,22680785154,22680784762,10.10.23 12:39:59,"N"
"trade",10.10.23 12:39:59,"BTCUSDT",3234644423,27492.41,0.00206,22680785156,22680784762,10.10.23 12:39:59,"N"
"trade",10.10.23 12:39:59,"BTCUSDT",3234644424,27492.41,0.00171,22680785157,22680784762,10.10.23 12:39:59,"N"
"trade",10.10.23 12:39:59,"BTCUSDT",3234644425,27492.41,0.00091,22680785158,22680784762,10.10.23 12:39:59,"N"
"trade",10.10.23 12:39:59,"BTCUSDT",3234644426,27492.41,0.00178,22680785159,22680784762,10.10.23 12:39:59,"N"
"trade",10.10.23 12:39:59,"BTCUSDT",3234644427,27492.41,0.00097,22680785160,22680784762,10.10.23 12:39:59,"N"
"trade",10.10.23 12:39:59,"BTCUSDT",3234644428,27492.41,0.00102,22680785161,22680784762,10.10.23 12:39:59,"N"
"trade",10.10.23 12:39:59,"BTCUSDT",3234644429,27492.4,0.00069,22680784006,22680785162,10.10.23 12:39:59,"Y"
"trade",10.10.23 12:39:59,"BTCUSDT",3234644430,27492.4,0.00191,22680784006,22680785164,10.10.23 12:39:59,"Y"
"trade",10.10.23 12:39:59,"BTCUSDT",3234644431,27492.4,0.00279,22680784006,22680785165,10.10.23 12:39:59,"Y"
"trade",10.10.23 12:40:00,"BTCUSDT",3234644432,27492.41,0.00178,22680785166,22680784762,10.10.23 12:40:00,"N"
"trade",10.10.23 12:40:00,"BTCUSDT",3234644433,27492.4,0.00142,22680784006,22680785167,10.10.23 12:40:00,"Y"
"trade",10.10.23 12:40:00,"BTCUSDT",3234644434,27492.41,0.00084,22680785168,22680784762,10.10.23 12:40:00,"N"
"trade",10.10.23 12:40:00,"BTCUSDT",3234644435,27492.4,0.00228,22680784006,22680785169,10.10.23 12:40:00,"Y"
"trade",10.10.23 12:40:00,"BTCUSDT",3234644436,27492.41,0.00237,22680785171,22680784762,10.10.23 12:40:00,"N"
"trade",10.10.23 12:40:00,"BTCUSDT",3234644437,27492.4,0.0034,22680784006,22680785172,10.10.23 12:40:00,"Y"
"trade",10.10.23 12:40:00,"BTCUSDT",3234644438,27492.41,0.00213,22680785173,22680784762,10.10.23 12:40:00,"N"
"trade",10.10.23 12:40:00,"BTCUSDT",3234644439,27492.41,0.00291,22680785174,22680784762,10.10.23 12:40:00,"N"
"trade",10.10.23 12:40:00,"BTCUSDT",3234644440,27492.4,0.0009,22680784006,22680785175,10.10.23 12:40:00,"Y"
"trade",10.10.23 12:40:00,"BTCUSDT",3234644441,27492.4,0.00057,22680784006,22680785177,10.10.23 12:40:00,"Y"
"trade",10.10.23 12:40:00,"BTCUSDT",3234644442,27492.41,0.0035,22680785178,22680784762,10.10.23 12:40:00,"N"
"trade",10.10.23 12:40:00,"BTCUSDT",3234644443,27492.41,0.00371,22680785179,22680784762,10.10.23 12:40:00,"N"
"trade",10.10.23 12:40:00,"BTCUSDT",3234644444,27492.41,0.00281,22680785180,22680784762,10.10.23 12:40:00,"N"
"trade",10.10.23 12:40:00,"BTCUSDT",3234644445,27492.4,0.00332,22680784006,22680785181,10.10.23 12:40:00,"Y"
"trade",10.10.23 12:40:00,"BTCUSDT",3234644446,27492.41,0.00072,22680785183,22680784762,10.10.23 12:40:00,"N"
"trade",10.10.23 12:40:00,"BTCUSDT",3234644447,27492.4,0.00255,22680784006,22680785184,10.10.23 12:40:00,"Y"
"trade",10.10.23 12:40:00,"BTCUSDT",3234644448,27492.4,0.00166,22680784006,22680785185,10.10.23 12:40:00,"Y"
"trade",10.10.23 12:40:00,"BTCUSDT",3234644449,27492.4,0.00397,22680784006,22680785186,10.10.23 12:40:00,"Y"
"trade",10.10.23 12:40:00,"BTCUSDT",3234644450,27492.4,0.00293,22680784006,22680785187,10.10.23 12:40:00,"Y"
"trade",10.10.23 12:40:00,"BTCUSDT",3234644451,27492.4,0.00102,22680784006,22680785188,10.10.23 12:40:00,"Y"
"trade",10.10.23 12:40:00,"BTCUSDT",3234644452,27492.41,0.00365,22680785190,22680784762,10.10.23 12:40:00,"N"
"trade",10.10.23 12:40:00,"BTCUSDT",3234644453,27492.41,0.00218,22680785191,22680784762,10.10.23 12:40:00,"N"
"trade",10.10.23 12:40:00,"BTCUSDT",3234644454,27492.4,0.00047,22680784006,22680785194,10.10.23 12:40:00,"Y"
"trade",10.10.23 12:40:00,"BTCUSDT",3234644455,27492.41,0.0024,22680785195,22680784762,10.10.23 12:40:00,"N"
"trade",10.10.23 12:40:00,"BTCUSDT",3234644456,27492.41,0.00301,22680785199,22680784762,10.10.23 12:40:00,"N"
"trade",10.10.23 12:40:00,"BTCUSDT",3234644457,27492.4,0.00349,22680784006,22680785200,10.10.23 12:40:00,"Y"
"trade",10.10.23 12:40:00,"BTCUSDT",3234644458,27492.4,0.00315,22680784006,22680785201,10.10.23 12:40:00,"Y"
"trade",10.10.23 12:40:00,"BTCUSDT",3234644459,27492.4,0.00149,22680784006,22680785202,10.10.23 12:40:00,"Y"
"trade",10.10.23 12:40:00,"BTCUSDT",3234644460,27492.41,0.00227,22680785203,22680784762,10.10.23 12:40:00,"N"
"trade",10.10.23 12:40:00,"BTCUSDT",3234644461,27492.41,0.00293,22680785204,22680784762,10.10.23 12:40:00,"N"
"trade",10.10.23 12:40:00,"BTCUSDT",3234644462,27492.41,0.00271,22680785206,22680784762,10.10.23 12:40:00,"N"
"trade",10.10.23 12:40:00,"BTCUSDT",3234644463,27492.4,0.00115,22680784006,22680785208,10.10.23 12:40:00,"Y"
"trade",10.10.23 12:40:00,"BTCUSDT",3234644464,27492.4,0.00286,22680784006,22680785209,10.10.23 12:40:00,"Y"
"trade",10.10.23 12:40:00,"BTCUSDT",3234644465,27492.4,0.00321,22680784006,22680785210,10.10.23 12:40:00,"Y"
"trade",10.10.23 12:40:00,"BTCUSDT",3234644466,27492.4,0.00407,22680784006,22680785213,10.10.23 12:40:00,"Y"
"trade",10.10.23 12:40:00,"BTCUSDT",3234644467,27492.4,0.00036,22680784006,22680785214,10.10.23 12:40:00,"Y"
"trade",10.10.23 12:40:00,"BTCUSDT",3234644468,27492.41,0.00358,22680785215,22680784762,10.10.23 12:40:00,"N"
"trade",10.10.23 12:40:00,"BTCUSDT",3234644469,27492.41,0.00103,22680785216,22680784762,10.10.23 12:40:00,"N"
"trade",10.10.23 12:40:00,"BTCUSDT",3234644470,27492.4,0.00271,22680784006,22680785219,10.10.23 12:40:00,"Y"
"trade",10.10.23 12:40:00,"BTCUSDT",3234644471,27492.41,0.00276,22680785221,22680784762,10.10.23 12:40:00,"N"
"trade",10.10.23 12:40:00,"BTCUSDT",3234644472,27492.41,0.00259,22680785224,22680784762,10.10.23 12:40:00,"N"
"trade",10.10.23 12:40:00,"BTCUSDT",3234644473,27492.41,0.00299,22680785225,22680784762,10.10.23 12:40:00,"N"
"trade",10.10.23 12:40:00,"BTCUSDT",3234644476,27492.41,0.03614,22680785385,22680784762,10.10.23 12:40:00,"N"
"trade",10.10.23 12:40:00,"BTCUSDT",3234644474,27492.41,0.00081,22680785357,22680784762,10.10.23 12:40:00,"N"
"trade",10.10.23 12:40:00,"BTCUSDT",3234644475,27492.41,0.07168,22680785384,22680784762,10.10.23 12:40:00,"N"
"trade",10.10.23 12:40:00,"BTCUSDT",3234644477,27492.41,0.03616,22680785401,22680784762,10.10.23 12:40:00,"N"
"trade",10.10.23 12:40:00,"BTCUSDT",3234644478,27492.4,0.00674,22680784032,22680785406,10.10.23 12:40:00,"Y"
"trade",10.10.23 12:40:00,"BTCUSDT",3234644479,27492.4,0.00693,22680784038,22680785406,10.10.23 12:40:00,"Y"
"trade",10.10.23 12:40:00,"BTCUSDT",3234644480,27492.4,0.00072,22680784044,22680785406,10.10.23 12:40:00,"Y"
"trade",10.10.23 12:40:00,"BTCUSDT",3234644481,27492.4,0.02175,22680784046,22680785406,10.10.23 12:40:00,"Y"
"trade",10.10.23 12:40:00,"BTCUSDT",3234644482,27492.4,0.03616,22680784046,22680785419,10.10.23 12:40:00,"Y"
"trade",10.10.23 12:40:00,"BTCUSDT",3234644483,27492.41,0.00674,22680785424,22680784762,10.10.23 12:40:00,"N"
"trade",10.10.23 12:40:01,"BTCUSDT",3234644484,27492.4,0.00052,22680784046,22680785458,10.10.23 12:40:01,"Y"
"trade",10.10.23 12:40:01,"BTCUSDT",3234644485,27492.4,0.00423,22680784046,22680785519,10.10.23 12:40:01,"Y"
"trade",10.10.23 12:40:01,"BTCUSDT",3234644486,27492.41,0.00019,22680785580,22680784762,10.10.23 12:40:01,"N"
"trade",10.10.23 12:40:01,"BTCUSDT",3234644487,27492.4,0.00258,22680784046,22680785614,10.10.23 12:40:01,"Y"
"trade",10.10.23 12:40:01,"BTCUSDT",3234644488,27492.41,0.00055,22680785646,22680784762,10.10.23 12:40:01,"N"
"trade",10.10.23 12:40:02,"BTCUSDT",3234644489,27492.4,0.05087,22680784046,22680785682,10.10.23 12:40:02,"Y"
"trade",10.10.23 12:40:02,"BTCUSDT",3234644490,27492.41,0.00508,22680785692,22680784762,10.10.23 12:40:02,"N"
"trade",10.10.23 12:40:03,"BTCUSDT",3234644491,27492.4,0.03863,22680784046,22680785727,10.10.23 12:40:03,"Y"
"trade",10.10.23 12:40:03,"BTCUSDT",3234644492,27492.4,0.09966,22680784120,22680785727,10.10.23 12:40:03,"Y"
"trade",10.10.23 12:40:03,"BTCUSDT",3234644493,27492.4,0.00776,22680784120,22680785740,10.10.23 12:40:03,"Y"
"trade",10.10.23 12:40:03,"BTCUSDT",3234644494,27492.4,0.00439,22680784120,22680785741,10.10.23 12:40:03,"Y"
"trade",10.10.23 12:40:03,"BTCUSDT",3234644495,27492.41,0.00023,22680785743,22680784762,10.10.23 12:40:03,"N"
"trade",10.10.23 12:40:05,"BTCUSDT",3234644496,27492.41,0.00698,22680785810,22680784762,10.10.23 12:40:05,"N"
"trade",10.10.23 12:40:05,"BTCUSDT",3234644497,27492.4,0.00534,22680784120,22680785812,10.10.23 12:40:05,"Y"
"trade",10.10.23 12:40:05,"BTCUSDT",3234644498,27492.41,0.00061,22680785846,22680784762,10.10.23 12:40:05,"N"
"trade",10.10.23 12:40:05,"BTCUSDT",3234644499,27492.4,0.00919,22680784120,22680785861,10.10.23 12:40:05,"Y"
"trade",10.10.23 12:40:06,"BTCUSDT",3234644500,27492.41,0.01619,22680785894,22680784762,10.10.23 12:40:06,"N"
"trade",10.10.23 12:40:07,"BTCUSDT",3234644501,27492.4,0.00023,22680784120,22680785955,10.10.23 12:40:07,"Y"
"trade",10.10.23 12:40:07,"BTCUSDT",3234644502,27492.4,0.0045,22680784120,22680785985,10.10.23 12:40:07,"Y"
"trade",10.10.23 12:40:07,"BTCUSDT",3234644503,27492.41,0.00698,22680785987,22680784762,10.10.23 12:40:07,"N"
"trade",10.10.23 12:40:08,"BTCUSDT",3234644504,27492.41,0.11854,22680786004,22680784762,10.10.23 12:40:08,"N"
"trade",10.10.23 12:40:09,"BTCUSDT",3234644505,27492.41,0.00224,22680786052,22680784762,10.10.23 12:40:09,"N"
"trade",10.10.23 12:40:09,"BTCUSDT",3234644506,27492.4,0.00032,22680784120,22680786058,10.10.23 12:40:09,"Y"
"trade",10.10.23 12:40:09,"BTCUSDT",3234644507,27492.4,0.00522,22680784120,22680786082,10.10.23 12:40:09,"Y"
"trade",10.10.23 12:40:09,"BTCUSDT",3234644508,27492.41,0.00021,22680786089,22680784762,10.10.23 12:40:09,"N"
"trade",10.10.23 12:40:10,"BTCUSDT",3234644509,27492.4,0.00145,22680784120,22680786096,10.10.23 12:40:10,"Y"
"trade",10.10.23 12:40:10,"BTCUSDT",3234644510,27492.4,0.04858,22680784120,22680786101,10.10.23 12:40:10,"Y"
"trade",10.10.23 12:40:10,"BTCUSDT",3234644511,27492.4,0.04626,22680784120,22680786104,10.10.23 12:40:10,"Y"
"trade",10.10.23 12:40:10,"BTCUSDT",3234644512,27492.4,0.0004,22680784338,22680786104,10.10.23 12:40:10,"Y"
"trade",10.10.23 12:40:11,"BTCUSDT",3234644513,27492.41,0.03435,22680786177,22680784762,10.10.23 12:40:11,"N"
"trade",10.10.23 12:40:11,"BTCUSDT",3234644514,27492.4,0.07908,22680784338,22680786197,10.10.23 12:40:11,"Y"
"trade",10.10.23 12:40:11,"BTCUSDT",3234644515,27492.4,0.11519,22680784419,22680786197,10.10.23 12:40:11,"Y"
"trade",10.10.23 12:40:11,"BTCUSDT",3234644516,27492.4,0.11502,22680784710,22680786197,10.10.23 12:40:11,"Y"
"trade",10.10.23 12:40:11,"BTCUSDT",3234644517,27492.4,0.00151,22680784864,22680786197,10.10.23 12:40:11,"Y"
"trade",10.10.23 12:40:11,"BTCUSDT",3234644518,27492.4,0.01819,22680784880,22680786197,10.10.23 12:40:11,"Y"
"trade",10.10.23 12:40:11,"BTCUSDT",3234644519,27492.4,0.00185,22680784989,22680786197,10.10.23 12:40:11,"Y"
"trade",10.10.23 12:40:11,"BTCUSDT",3234644520,27492.4,0.11656,22680785307,22680786197,10.10.23 12:40:11,"Y"
"trade",10.10.23 12:40:11,"BTCUSDT",3234644521,27492.4,0.06921,22680785307,22680786199,10.10.23 12:40:11,"Y"
"trade",10.10.23 12:40:11,"BTCUSDT",3234644522,27492.4,0.10002,22680785387,22680786199,10.10.23 12:40:11,"Y"
"trade",10.10.23 12:40:11,"BTCUSDT",3234644523,27492.4,0.00072,22680785409,22680786199,10.10.23 12:40:11,"Y"
"trade",10.10.23 12:40:11,"BTCUSDT",3234644524,27492.4,0.23774,22680785596,22680786199,10.10.23 12:40:11,"Y"
"trade",10.10.23 12:40:11,"BTCUSDT",3234644525,27492.4,0.021,22680785904,22680786199,10.10.23 12:40:11,"Y"
"trade",10.10.23 12:40:11,"BTCUSDT",3234644526,27492.4,0.00545,22680785909,22680786199,10.10.23 12:40:11,"Y"
"trade",10.10.23 12:40:11,"BTCUSDT",3234644527,27492.4,0.0009,22680785938,22680786199,10.10.23 12:40:11,"Y"
"trade",10.10.23 12:40:11,"BTCUSDT",3234644528,27492.4,0.05817,22680786027,22680786199,10.10.23 12:40:11,"Y"
"trade",10.10.23 12:40:11,"BTCUSDT",3234644529,27492.4,0.18184,22680786153,22680786199,10.10.23 12:40:11,"Y"
"trade",10.10.23 12:40:11,"BTCUSDT",3234644530,27492.4,0.0363,22680786173,22680786199,10.10.23 12:40:11,"Y"
"trade",10.10.23 12:40:11,"BTCUSDT",3234644531,27492.29,0.00036,22680784253,22680786199,10.10.23 12:40:11,"Y"
"trade",10.10.23 12:40:11,"BTCUSDT",3234644532,27492.27,0.36371,22680785941,22680786199,10.10.23 12:40:11,"Y"
"trade",10.10.23 12:40:11,"BTCUSDT",3234644533,27492.27,0.36371,22680785946,22680786199,10.10.23 12:40:11,"Y"
"trade",10.10.23 12:40:11,"BTCUSDT",3234644534,27492.22,0.00036,22680784209,22680786291,10.10.23 12:40:11,"Y"
"trade",10.10.23 12:40:11,"BTCUSDT",3234644535,27492.2,0.00025,22680784274,22680786291,10.10.23 12:40:11,"Y"
"trade",10.10.23 12:40:11,"BTCUSDT",3234644536,27492.2,0.00033,22680784336,22680786291,10.10.23 12:40:11,"Y"
"trade",10.10.23 12:40:11,"BTCUSDT",3234644537,27492.15,0.00036,22680784140,22680786291,10.10.23 12:40:11,"Y"
"trade",10.10.23 12:40:11,"BTCUSDT",3234644538,27492.08,0.00033,22680784315,22680786360,10.10.23 12:40:11,"Y"
"trade",10.10.23 12:40:11,"BTCUSDT",3234644539,27492.08,0.00036,22680784359,22680786360,10.10.23 12:40:11,"Y"
"trade",10.10.23 12:40:11,"BTCUSDT",3234644540,27492.04,0.00025,22680784241,22680786360,10.10.23 12:40:11,"Y"
"trade",10.10.23 12:40:11,"BTCUSDT",3234644541,27492.01,0.00036,22680784343,22680786360,10.10.23 12:40:11,"Y"
"trade",10.10.23 12:40:11,"BTCUSDT",3234644542,27491.96,0.00033,22680784306,22680786360,10.10.23 12:40:11,"Y"
"trade",10.10.23 12:40:11,"BTCUSDT",3234644543,27491.94,0.00036,22680784330,22680786360,10.10.23 12:40:11,"Y"
"trade",10.10.23 12:40:11,"BTCUSDT",3234644544,27491.88,0.00025,22680784190,22680786360,10.10.23 12:40:11,"Y"
"trade",10.10.23 12:40:11,"BTCUSDT",3234644545,27491.87,0.00036,22680784312,22680786360,10.10.23 12:40:11,"Y"
"trade",10.10.23 12:40:11,"BTCUSDT",3234644546,27491.84,0.00033,22680784297,22680786457,10.10.23 12:40:11,"Y"
"trade",10.10.23 12:40:11,"BTCUSDT",3234644547,27491.8,0.00036,22680784295,22680786505,10.10.23 12:40:11,"Y"
"trade",10.10.23 12:40:11,"BTCUSDT",3234644548,27491.74,0.00022,22680784208,22680786524,10.10.23 12:40:11,"Y"
"trade",10.10.23 12:40:11,"BTCUSDT",3234644549,27491.73,0.00036,22680784281,22680786561,10.10.23 12:40:11,"Y"
"trade",10.10.23 12:40:11,"BTCUSDT",3234644550,27491.72,0.00025,22680784132,22680786612,10.10.23 12:40:11,"Y"
"trade",10.10.23 12:40:11,"BTCUSDT",3234644551,27491.72,0.00033,22680784279,22680786612,10.10.23 12:40:11,"Y"
"trade",10.10.23 12:40:11,"BTCUSDT",3234644552,27491.67,0.00019,22680786611,22680786622,10.10.23 12:40:11,"Y"
"trade",10.10.23 12:40:11,"BTCUSDT",3234644553,27491.66,0.00036,22680784272,22680786641,10.10.23 12:40:11,"Y"
"trade",10.10.23 12:40:11,"BTCUSDT",3234644554,27491.6,0.00033,22680784255,22680786641,10.10.23 12:40:11,"Y"
"trade",10.10.23 12:40:11,"BTCUSDT",3234644555,27491.59,0.00036,22680784231,22680786641,10.10.23 12:40:11,"Y"
"trade",10.10.23 12:40:11,"BTCUSDT",3234644556,27491.56,0.00025,22680784112,22680786767,10.10.23 12:40:11,"Y"
"trade",10.10.23 12:40:11,"BTCUSDT",3234644557,27491.52,0.00036,22680784185,22680786767,10.10.23 12:40:11,"Y"
"trade",10.10.23 12:40:11,"BTCUSDT",3234644558,27491.48,0.00033,22680784224,22680786767,10.10.23 12:40:11,"Y"
"trade",10.10.23 12:40:11,"BTCUSDT",3234644559,27491.45,0.00036,22680784114,22680786767,10.10.23 12:40:11,"Y"
"trade",10.10.23 12:40:11,"BTCUSDT",3234644560,27491.4,0.00025,22680784416,22680786767,10.10.23 12:40:11,"Y"
"trade",10.10.23 12:40:11,"BTCUSDT",3234644561,27491.38,0.00022,22680784298,22680786767,10.10.23 12:40:11,"Y"
"trade",10.10.23 12:40:11,"BTCUSDT",3234644562,27491.38,0.00022,22680784335,22680786767,10.10.23 12:40:11,"Y"
"trade",10.10.23 12:40:11,"BTCUSDT",3234644563,27491.38,0.00036,22680784364,22680786767,10.10.23 12:40:11,"Y"
"trade",10.10.23 12:40:11,"BTCUSDT",3234644564,27491.36,0.00033,22680784188,22680786767,10.10.23 12:40:11,"Y"
"trade",10.10.23 12:40:11,"BTCUSDT",3234644565,27491.31,0.00036,22680784354,22680786767,10.10.23 12:40:11,"Y"
"trade",10.10.23 12:40:11,"BTCUSDT",3234644566,27491.24,0.00033,22680784126,22680786767,10.10.23 12:40:11,"Y"
"trade",10.10.23 12:40:11,"BTCUSDT",3234644567,27491.24,0.00036,22680784341,22680786767,10.10.23 12:40:11,"Y"
"trade",10.10.23 12:40:11,"BTCUSDT",3234644568,27491.24,0.00025,22680784373,22680786767,10.10.23 12:40:11,"Y"
"trade",10.10.23 12:40:11,"BTCUSDT",3234644569,27491.17,0.00036,22680784331,22680786767,10.10.23 12:40:11,"Y"
"trade",10.10.23 12:40:11,"BTCUSDT",3234644570,27491.12,0.00033,22680784376,22680786767,10.10.23 12:40:11,"Y"
"trade",10.10.23 12:40:11,"BTCUSDT",3234644571,27491.1,0.00036,22680784311,22680786767,10.10.23 12:40:11,"Y"
"trade",10.10.23 12:40:11,"BTCUSDT",3234644572,27491.08,0.00025,22680784351,22680786767,10.10.23 12:40:11,"Y"
"trade",10.10.23 12:40:11,"BTCUSDT",3234644573,27491.03,0.00036,22680784302,22680786877,10.10.23 12:40:11,"Y"
"trade",10.10.23 12:40:11,"BTCUSDT",3234644574,27491.03,0.00682,22680784823,22680786877,10.10.23 12:40:11,"Y"
"trade",10.10.23 12:40:11,"BTCUSDT",3234644575,27491.02,0.00022,22680784355,22680786884,10.10.23 12:40:11,"Y"
"trade",10.10.23 12:40:11,"BTCUSDT",3234644576,27491,0.00033,22680784371,22680786884,10.10.23 12:40:11,"Y"
"trade",10.10.23 12:40:11,"BTCUSDT",3234644577,27490.96,0.00036,22680784288,22680786884,10.10.23 12:40:11,"Y"
"trade",10.10.23 12:40:11,"BTCUSDT",3234644578,27490.92,0.00025,22680784333,22680786884,10.10.23 12:40:11,"Y"
"trade",10.10.23 12:40:11,"BTCUSDT",3234644579,27490.89,0.00036,22680784263,22680786884,10.10.23 12:40:11,"Y"
"trade",10.10.23 12:40:11,"BTCUSDT",3234644580,27490.88,0.00033,22680784353,22680786884,10.10.23 12:40:11,"Y"
"trade",10.10.23 12:40:12,"BTCUSDT",3234644581,27490.88,0.00521,22680787083,22680786884,10.10.23 12:40:12,"N"
"trade",10.10.23 12:40:12,"BTCUSDT",3234644582,27490.87,0.00026,22680784086,22680787108,10.10.23 12:40:12,"Y"
"trade",10.10.23 12:40:12,"BTCUSDT",3234644583,27490.87,0.00048,22680787020,22680787112,10.10.23 12:40:12,"Y"
"trade",10.10.23 12:40:12,"BTCUSDT",3234644584,27490.87,0.00082,22680787094,22680787112,10.10.23 12:40:12,"Y"
"trade",10.10.23 12:40:12,"BTCUSDT",3234644585,27490.82,0.00036,22680784191,22680787112,10.10.23 12:40:12,"Y"
"trade",10.10.23 12:40:12,"BTCUSDT",3234644586,27490.76,0.00025,22680784313,22680787112,10.10.23 12:40:12,"Y"
"trade",10.10.23 12:40:12,"BTCUSDT",3234644587,27490.76,0.00033,22680784339,22680787112,10.10.23 12:40:12,"Y"
"trade",10.10.23 12:40:12,"BTCUSDT",3234644588,27490.75,0.00036,22680784133,22680787112,10.10.23 12:40:12,"Y"
"trade",10.10.23 12:40:12,"BTCUSDT",3234644589,27490.68,0.00036,22680784368,22680787112,10.10.23 12:40:12,"Y"
"trade",10.10.23 12:40:12,"BTCUSDT",3234644590,27490.66,0.00022,22680784391,22680787112,10.10.23 12:40:12,"Y"
"trade",10.10.23 12:40:12,"BTCUSDT",3234644591,27490.64,0.00033,22680784320,22680787112,10.10.23 12:40:12,"Y"
"trade",10.10.23 12:40:12,"BTCUSDT",3234644592,27490.61,0.00036,22680784358,22680787112,10.10.23 12:40:12,"Y"
"trade",10.10.23 12:40:12,"BTCUSDT",3234644593,27490.6,0.00025,22680784299,22680787112,10.10.23 12:40:12,"Y"
"trade",10.10.23 12:40:12,"BTCUSDT",3234644594,27490.54,0.00036,22680784342,22680787112,10.10.23 12:40:12,"Y"
"trade",10.10.23 12:40:12,"BTCUSDT",3234644595,27490.52,0.00033,22680784307,22680787160,10.10.23 12:40:12,"Y"
"trade",10.10.23 12:40:12,"BTCUSDT",3234644596,27490.52,0.00774,22680786462,22680787160,10.10.23 12:40:12,"Y"
"trade",10.10.23 12:40:12,"BTCUSDT",3234644597,27490.52,0.01853,22680786462,22680787190,10.10.23 12:40:12,"Y"
"trade",10.10.23 12:40:13,"BTCUSDT",3234644598,27490.53,0.00224,22680787234,22680787112,10.10.23 12:40:13,"N"
"trade",10.10.23 12:40:13,"BTCUSDT",3234644599,27490.53,0.00918,22680787234,22680787116,10.10.23 12:40:13,"N"
"trade",10.10.23 12:40:13,"BTCUSDT",3234644600,27490.52,0.00182,22680786462,22680787235,10.10.23 12:40:13,"Y"
"trade",10.10.23 12:40:13,"BTCUSDT",3234644601,27490.52,0.00032,22680786462,22680787254,10.10.23 12:40:13,"Y"
"trade",10.10.23 12:40:15,"BTCUSDT",3234644602,27490.53,0.06628,22680787339,22680787116,10.10.23 12:40:15,"N"
"trade",10.10.23 12:40:15,"BTCUSDT",3234644603,27490.52,0.0363,22680786462,22680787347,10.10.23 12:40:15,"Y"
"trade",10.10.23 12:40:16,"BTCUSDT",3234644604,27490.52,0.00082,22680787303,22680787402,10.10.23 12:40:16,"Y"
"trade",10.10.23 12:40:16,"BTCUSDT",3234644605,27490.52,0.00092,22680787303,22680787408,10.10.23 12:40:16,"Y"
"trade",10.10.23 12:40:16,"BTCUSDT",3234644606,27490.52,0.0039,22680787303,22680787414,10.10.23 12:40:16,"Y"
"trade",10.10.23 12:40:17,"BTCUSDT",3234644607,27490.53,0.00019,22680787452,22680787116,10.10.23 12:40:17,"N"
"trade",10.10.23 12:40:17,"BTCUSDT",3234644608,27490.53,0.00363,22680787469,22680787116,10.10.23 12:40:17,"N"
"trade",10.10.23 12:40:17,"BTCUSDT",3234644609,27490.52,0.00599,22680787303,22680787471,10.10.23 12:40:17,"Y"
"trade",10.10.23 12:40:18,"BTCUSDT",3234644610,27490.52,0.01066,22680787303,22680787484,10.10.23 12:40:18,"Y"
"trade",10.10.23 12:40:18,"BTCUSDT",3234644611,27490.53,0.00284,22680787492,22680787116,10.10.23 12:40:18,"N"
"trade",10.10.23 12:40:19,"BTCUSDT",3234644612,27490.52,0.0315,22680787303,22680787520,10.10.23 12:40:19,"Y"
"trade",10.10.23 12:40:19,"BTCUSDT",3234644613,27490.52,0.01753,22680787303,22680787531,10.10.23 12:40:19,"Y"
"trade",10.10.23 12:40:19,"BTCUSDT",3234644614,27490.52,0.00039,22680787360,22680787531,10.10.23 12:40:19,"Y"
"trade",10.10.23 12:40:19,"BTCUSDT",3234644615,27490.52,0.02834,22680787423,22680787531,10.10.23 12:40:19,"Y"
"trade",10.10.23 12:40:19,"BTCUSDT",3234644616,27490.52,0.00171,22680787423,22680787544,10.10.23 12:40:19,"Y"
"trade",10.10.23 12:40:19,"BTCUSDT",3234644617,27490.53,0.00391,22680787546,22680787116,10.10.23 12:40:19,"N"
"trade",10.10.23 12:40:20,"BTCUSDT",3234644618,27490.52,0.01003,22680787506,22680787558,10.10.23 12:40:20,"Y"
"trade",10.10.23 12:40:20,"BTCUSDT",3234644619,27490.52,0.12469,22680787511,22680787558,10.10.23 12:40:20,"Y"
"trade",10.10.23 12:40:20,"BTCUSDT",3234644620,27490.52,0.02139,22680787532,22680787558,10.10.23 12:40:20,"Y"
"trade",10.10.23 12:40:20,"BTCUSDT",3234644621,27490.47,0.00036,22680784334,22680787558,10.10.23 12:40:20,"Y"
"trade",10.10.23 12:40:20,"BTCUSDT",3234644622,27490.44,0.00025,22680784277,22680787558,10.10.23 12:40:20,"Y"
"trade",10.10.23 12:40:20,"BTCUSDT",3234644623,27490.4,0.00033,22680784283,22680787558,10.10.23 12:40:20,"Y"
"trade",10.10.23 12:40:20,"BTCUSDT",3234644624,27490.4,0.00036,22680784314,22680787558,10.10.23 12:40:20,"Y"
"trade",10.10.23 12:40:20,"BTCUSDT",3234644625,27490.33,0.00036,22680784303,22680787559,10.10.23 12:40:20,"Y"
"trade",10.10.23 12:40:20,"BTCUSDT",3234644626,27490.31,0.00037,22680784004,22680787560,10.10.23 12:40:20,"Y"
"trade",10.10.23 12:40:20,"BTCUSDT",3234644627,27490.3,0.00022,22680784473,22680787560,10.10.23 12:40:20,"Y"
"trade",10.10.23 12:40:20,"BTCUSDT",3234644628,27490.28,0.00025,22680784247,22680787560,10.10.23 12:40:20,"Y"
"trade",10.10.23 12:40:20,"BTCUSDT",3234644629,27490.28,0.00033,22680784267,22680787560,10.10.23 12:40:20,"Y"
"trade",10.10.23 12:40:20,"BTCUSDT",3234644630,27490.26,0.00036,22680784289,22680787560,10.10.23 12:40:20,"Y"
"trade",10.10.23 12:40:20,"BTCUSDT",3234644631,27490.24,0.36374,22680787538,22680787560,10.10.23 12:40:20,"Y"
"trade",10.10.23 12:40:20,"BTCUSDT",3234644632,27490.19,0.00036,22680784275,22680787560,10.10.23 12:40:20,"Y"
"trade",10.10.23 12:40:20,"BTCUSDT",3234644633,27490.16,0.00033,22680784211,22680787560,10.10.23 12:40:20,"Y"
"trade",10.10.23 12:40:20,"BTCUSDT",3234644634,27490.12,0.00036,22680784187,22680787560,10.10.23 12:40:20,"Y"
"trade",10.10.23 12:40:20,"BTCUSDT",3234644635,27490.12,0.00025,22680784201,22680787560,10.10.23 12:40:20,"Y"
"trade",10.10.23 12:40:20,"BTCUSDT",3234644636,27490.05,0.00036,22680784125,22680787560,10.10.23 12:40:20,"Y"
"trade",10.10.23 12:40:20,"BTCUSDT",3234644637,27490.04,0.00033,22680784180,22680787560,10.10.23 12:40:20,"Y"
"trade",10.10.23 12:40:20,"BTCUSDT",3234644638,27489.98,0.00036,22680784382,22680787560,10.10.23 12:40:20,"Y"
"trade",10.10.23 12:40:20,"BTCUSDT",3234644639,27489.96,0.00025,22680784138,22680787560,10.10.23 12:40:20,"Y"
"trade",10.10.23 12:40:20,"BTCUSDT",3234644640,27489.94,0.00022,22680784489,22680787560,10.10.23 12:40:20,"Y"
"trade",10.10.23 12:40:20,"BTCUSDT",3234644641,27489.92,0.00033,22680784397,22680787560,10.10.23 12:40:20,"Y"
"trade",10.10.23 12:40:20,"BTCUSDT",3234644642,27489.91,0.00036,22680784401,22680787560,10.10.23 12:40:20,"Y"
"trade",10.10.23 12:40:20,"BTCUSDT",3234644643,27489.85,0.02933,22680787060,22680787560,10.10.23 12:40:20,"Y"
"trade",10.10.23 12:40:20,"BTCUSDT",3234644644,27489.85,0.15252,22680787060,22680787561,10.10.23 12:40:20,"Y"
"trade",10.10.23 12:40:20,"BTCUSDT",3234644645,27489.84,0.00036,22680784414,22680787561,10.10.23 12:40:20,"Y"
"trade",10.10.23 12:40:20,"BTCUSDT",3234644646,27489.8,0.00033,22680784080,22680787561,10.10.23 12:40:20,"Y"
"trade",10.10.23 12:40:20,"BTCUSDT",3234644647,27489.8,0.00025,22680784083,22680787561,10.10.23 12:40:20,"Y"
"trade",10.10.23 12:40:20,"BTCUSDT",3234644648,27489.77,0.00036,22680784455,22680787561,10.10.23 12:40:20,"Y"
"trade",10.10.23 12:40:20,"BTCUSDT",3234644649,27489.7,0.00036,22680784488,22680787562,10.10.23 12:40:20,"Y"
"trade",10.10.23 12:40:20,"BTCUSDT",3234644650,27489.68,0.00033,22680784407,22680787562,10.10.23 12:40:20,"Y"
"trade",10.10.23 12:40:20,"BTCUSDT",3234644651,27489.64,0.00025,22680783919,22680787562,10.10.23 12:40:20,"Y"
"trade",10.10.23 12:40:20,"BTCUSDT",3234644652,27489.63,0.00036,22680784495,22680787562,10.10.23 12:40:20,"Y"
"trade",10.10.23 12:40:20,"BTCUSDT",3234644653,27489.58,0.00022,22680784107,22680787562,10.10.23 12:40:20,"Y"
"trade",10.10.23 12:40:20,"BTCUSDT",3234644654,27489.58,0.49156,22680787464,22680787562,10.10.23 12:40:20,"Y"
"trade",10.10.23 12:40:20,"BTCUSDT",3234644655,27489.57,0.18185,22680787061,22680787562,10.10.23 12:40:20,"Y"
"trade",10.10.23 12:40:20,"BTCUSDT",3234644656,27489.56,0.00033,22680784420,22680787562,10.10.23 12:40:20,"Y"
"trade",10.10.23 12:40:20,"BTCUSDT",3234644657,27489.56,0.00036,22680784512,22680787562,10.10.23 12:40:20,"Y"
"trade",10.10.23 12:40:20,"BTCUSDT",3234644658,27489.49,0.00036,22680784011,22680787562,10.10.23 12:40:20,"Y"
"trade",10.10.23 12:40:20,"BTCUSDT",3234644659,27489.48,0.00025,22680784444,22680787562,10.10.23 12:40:20,"Y"
"trade",10.10.23 12:40:20,"BTCUSDT",3234644660,27489.44,0.00033,22680784448,22680787562,10.10.23 12:40:20,"Y"
"trade",10.10.23 12:40:20,"BTCUSDT",3234644661,27489.42,0.00036,22680784526,22680787562,10.10.23 12:40:20,"Y"
"trade",10.10.23 12:40:20,"BTCUSDT",3234644662,27489.35,0.00036,22680784533,22680787562,10.10.23 12:40:20,"Y"
"trade",10.10.23 12:40:20,"BTCUSDT",3234644663,27489.32,0.00033,22680784463,22680787562,10.10.23 12:40:20,"Y"
"trade",10.10.23 12:40:20,"BTCUSDT",3234644664,27489.32,0.00025,22680784502,22680787562,10.10.23 12:40:20,"Y"
"trade",10.10.23 12:40:20,"BTCUSDT",3234644665,27489.29,0.18185,22680787357,22680787562,10.10.23 12:40:20,"Y"
"trade",10.10.23 12:40:20,"BTCUSDT",3234644666,27489.28,0.00036,22680784552,22680787562,10.10.23 12:40:20,"Y"
"trade",10.10.23 12:40:20,"BTCUSDT",3234644667,27489.22,0.00022,22680784203,22680787562,10.10.23 12:40:20,"Y"
"trade",10.10.23 12:40:20,"BTCUSDT",3234644668,27489.21,0.00036,22680784057,22680787562,10.10.23 12:40:20,"Y"
"trade",10.10.23 12:40:20,"BTCUSDT",3234644669,27489.2,0.00033,22680784474,22680787562,10.10.23 12:40:20,"Y"
"trade",10.10.23 12:40:20,"BTCUSDT",3234644670,27489.16,0.00025,22680784525,22680787562,10.10.23 12:40:20,"Y"
"trade",10.10.23 12:40:20,"BTCUSDT",3234644671,27489.15,0.00688,22680787556,22680787562,10.10.23 12:40:20,"Y"
"trade",10.10.23 12:40:20,"BTCUSDT",3234644672,27489.14,0.00036,22680784375,22680787562,10.10.23 12:40:20,"Y"
"trade",10.10.23 12:40:20,"BTCUSDT",3234644673,27489.78,0.00038,22680787618,22680787597,10.10.23 12:40:20,"N"
"trade",10.10.23 12:40:20,"BTCUSDT",3234644674,27489.08,0.00033,22680784480,22680787658,10.10.23 12:40:20,"Y"
"trade",10.10.23 12:40:20,"BTCUSDT",3234644675,27489.07,0.00036,22680784396,22680787710,10.10.23 12:40:20,"Y"
"trade",10.10.23 12:40:20,"BTCUSDT",3234644676,27489.06,0.42417,22680787663,22680787710,10.10.23 12:40:20,"Y"
"trade",10.10.23 12:40:20,"BTCUSDT",3234644677,27489.06,0.02743,22680787663,22680787716,10.10.23 12:40:20,"Y"
"trade",10.10.23 12:40:20,"BTCUSDT",3234644678,27489,0.00036,22680784405,22680787822,10.10.23 12:40:20,"Y"
"trade",10.10.23 12:40:20,"BTCUSDT",3234644679,27489,0.00025,22680784558,22680787822,10.10.23 12:40:20,"Y"
"trade",10.10.23 12:40:20,"BTCUSDT",3234644680,27488.96,0.00033,22680784490,22680787909,10.10.23 12:40:20,"Y"
"trade",10.10.23 12:40:20,"BTCUSDT",3234644684,27488.86,0.00026,22680784457,22680787970,10.10.23 12:40:20,"Y"
"trade",10.10.23 12:40:20,"BTCUSDT",3234644681,27488.94,0.00019,22680787904,22680787960,10.10.23 12:40:20,"Y"
"trade",10.10.23 12:40:20,"BTCUSDT",3234644682,27488.93,0.00036,22680784423,22680787970,10.10.23 12:40:20,"Y"
"trade",10.10.23 12:40:20,"BTCUSDT",3234644683,27488.86,0.00022,22680784248,22680787970,10.10.23 12:40:20,"Y"
"trade",10.10.23 12:40:20,"BTCUSDT",3234644685,27488.86,0.0001,22680784457,22680788099,10.10.23 12:40:20,"Y"
"trade",10.10.23 12:40:20,"BTCUSDT",3234644686,27488.85,0.00019,22680788015,22680788099,10.10.23 12:40:20,"Y"
"trade",10.10.23 12:40:20,"BTCUSDT",3234644687,27488.84,0.00033,22680784499,22680788099,10.10.23 12:40:20,"Y"
"trade",10.10.23 12:40:20,"BTCUSDT",3234644688,27488.84,0.00025,22680784576,22680788099,10.10.23 12:40:20,"Y"
"trade",10.10.23 12:40:20,"BTCUSDT",3234644689,27488.83,0.00646,22680784824,22680788099,10.10.23 12:40:20,"Y"
"trade",10.10.23 12:40:20,"BTCUSDT",3234644690,27488.79,0.00036,22680783872,22680788099,10.10.23 12:40:20,"Y"
"trade",10.10.23 12:40:20,"BTCUSDT",3234644691,27488.72,0.00033,22680783918,22680788146,10.10.23 12:40:20,"Y"
"trade",10.10.23 12:40:20,"BTCUSDT",3234644692,27488.72,0.00036,22680784485,22680788146,10.10.23 12:40:20,"Y"
"trade",10.10.23 12:40:20,"BTCUSDT",3234644693,27488.68,0.00025,22680783704,22680788205,10.10.23 12:40:20,"Y"
"trade",10.10.23 12:40:20,"BTCUSDT",3234644694,27488.65,0.00036,22680784497,22680788265,10.10.23 12:40:20,"Y"
"trade",10.10.23 12:40:20,"BTCUSDT",3234644695,27488.61,0.00019,22680788268,22680788276,10.10.23 12:40:20,"Y"
"trade",10.10.23 12:40:20,"BTCUSDT",3234644696,27488.6,0.00033,22680783921,22680788332,10.10.23 12:40:20,"Y"
"trade",10.10.23 12:40:20,"BTCUSDT",3234644697,27488.58,0.00036,22680784518,22680788332,10.10.23 12:40:20,"Y"
"trade",10.10.23 12:40:20,"BTCUSDT",3234644698,27488.52,0.00025,22680784595,22680788332,10.10.23 12:40:20,"Y"
"trade",10.10.23 12:40:20,"BTCUSDT",3234644699,27488.51,0.00036,22680784054,22680788332,10.10.23 12:40:20,"Y"
"trade",10.10.23 12:40:20,"BTCUSDT",3234644700,27488.5,0.00022,22680784100,22680788332,10.10.23 12:40:20,"Y"
"trade",10.10.23 12:40:20,"BTCUSDT",3234644701,27488.48,0.00007,22680784349,22680788332,10.10.23 12:40:20,"Y"
"trade",10.10.23 12:40:20,"BTCUSDT",3234644702,27488.48,0.00026,22680784349,22680788355,10.10.23 12:40:20,"Y"
"trade",10.10.23 12:40:20,"BTCUSDT",3234644703,27488.44,0.00036,22680784374,22680788355,10.10.23 12:40:20,"Y"
"trade",10.10.23 12:40:20,"BTCUSDT",3234644704,27488.37,0.00036,22680784395,22680788355,10.10.23 12:40:20,"Y"
"trade",10.10.23 12:40:20,"BTCUSDT",3234644705,27488.36,0.00033,22680784367,22680788355,10.10.23 12:40:20,"Y"
"trade",10.10.23 12:40:20,"BTCUSDT",3234644706,27488.36,0.00025,22680784612,22680788355,10.10.23 12:40:20,"Y"
"trade",10.10.23 12:40:20,"BTCUSDT",3234644707,27488.3,0.00036,22680784402,22680788355,10.10.23 12:40:20,"Y"
"trade",10.10.23 12:40:20,"BTCUSDT",3234644708,27488.24,0.00033,22680784372,22680788355,10.10.23 12:40:20,"Y"
"trade",10.10.23 12:40:20,"BTCUSDT",3234644709,27488.23,0.00036,22680784424,22680788355,10.10.23 12:40:20,"Y"
"trade",10.10.23 12:40:20,"BTCUSDT",3234644710,27488.2,0.00025,22680783733,22680788355,10.10.23 12:40:20,"Y"
"trade",10.10.23 12:40:20,"BTCUSDT",3234644711,27488.16,0.00036,22680784462,22680788355,10.10.23 12:40:20,"Y"
"trade",10.10.23 12:40:20,"BTCUSDT",3234644712,27488.14,0.00022,22680784284,22680788355,10.10.23 12:40:20,"Y"
"trade",10.10.23 12:40:20,"BTCUSDT",3234644713,27488.12,0.00033,22680784381,22680788355,10.10.23 12:40:20,"Y"
"trade",10.10.23 12:40:20,"BTCUSDT",3234644714,27488.09,0.00036,22680783901,22680788355,10.10.23 12:40:20,"Y"
"trade",10.10.23 12:40:20,"BTCUSDT",3234644715,27488.04,0.00025,22680783867,22680788355,10.10.23 12:40:20,"Y"
"trade",10.10.23 12:40:20,"BTCUSDT",3234644716,27488.02,0.00036,22680784487,22680788355,10.10.23 12:40:20,"Y"
"trade",10.10.23 12:40:20,"BTCUSDT",3234644717,27488,0.00033,22680784399,22680788355,10.10.23 12:40:20,"Y"
"trade",10.10.23 12:40:20,"BTCUSDT",3234644718,27487.95,0.00036,22680784496,22680788355,10.10.23 12:40:20,"Y"
"trade",10.10.23 12:40:20,"BTCUSDT",3234644719,27487.88,0.00033,22680783730,22680788355,10.10.23 12:40:20,"Y"
"trade",10.10.23 12:40:20,"BTCUSDT",3234644720,27487.88,0.00025,22680784077,22680788355,10.10.23 12:40:20,"Y"
"trade",10.10.23 12:40:20,"BTCUSDT",3234644721,27487.88,0.00036,22680784506,22680788355,10.10.23 12:40:20,"Y"
"trade",10.10.23 12:40:20,"BTCUSDT",3234644722,27487.81,0.00036,22680784066,22680788355,10.10.23 12:40:20,"Y"
"trade",10.10.23 12:40:20,"BTCUSDT",3234644723,27487.78,0.00022,22680784327,22680788355,10.10.23 12:40:20,"Y"
"trade",10.10.23 12:40:20,"BTCUSDT",3234644724,27487.76,0.00033,22680784409,22680788355,10.10.23 12:40:20,"Y"
"trade",10.10.23 12:40:20,"BTCUSDT",3234644725,27487.74,0.00036,22680783737,22680788355,10.10.23 12:40:20,"Y"
"trade",10.10.23 12:40:20,"BTCUSDT",3234644726,27487.72,0.00025,22680784329,22680788355,10.10.23 12:40:20,"Y"
"trade",10.10.23 12:40:20,"BTCUSDT",3234644727,27487.68,0.00089,22680788522,22680788355,10.10.23 12:40:20,"N"
"trade",10.10.23 12:40:20,"BTCUSDT",3234644728,27487.67,0.00192,22680784111,22680788580,10.10.23 12:40:20,"Y"
"trade",10.10.23 12:40:20,"BTCUSDT",3234644729,27487.67,0.06427,22680784111,22680788596,10.10.23 12:40:20,"Y"
"trade",10.10.23 12:40:20,"BTCUSDT",3234644730,27487.67,0.00036,22680784282,22680788596,10.10.23 12:40:20,"Y"
"trade",10.10.23 12:40:20,"BTCUSDT",3234644731,27487.66,0.0024,22680784183,22680788596,10.10.23 12:40:20,"Y"
"trade",10.10.23 12:40:20,"BTCUSDT",3234644732,27487.66,0.00555,22680784204,22680788596,10.10.23 12:40:20,"Y"
"trade",10.10.23 12:40:20,"BTCUSDT",3234644733,27487.66,0.00588,22680784304,22680788596,10.10.23 12:40:20,"Y"
"trade",10.10.23 12:40:20,"BTCUSDT",3234644734,27487.66,0.00243,22680785033,22680788596,10.10.23 12:40:20,"Y"
"trade",10.10.23 12:40:20,"BTCUSDT",3234644735,27487.65,0.00036,22680781298,22680788596,10.10.23 12:40:20,"Y"
"trade",10.10.23 12:40:20,"BTCUSDT",3234644736,27487.64,0.00033,22680784422,22680788596,10.10.23 12:40:20,"Y"
"trade",10.10.23 12:40:20,"BTCUSDT",3234644737,27487.6,0.00036,22680777278,22680788596,10.10.23 12:40:20,"Y"
"trade",10.10.23 12:40:20,"BTCUSDT",3234644738,27487.56,0.00025,22680784340,22680788596,10.10.23 12:40:20,"Y"
"trade",10.10.23 12:40:20,"BTCUSDT",3234644739,27487.53,0.00036,22680777295,22680788596,10.10.23 12:40:20,"Y"
"trade",10.10.23 12:40:20,"BTCUSDT",3234644740,27487.52,0.00033,22680777226,22680788596,10.10.23 12:40:20,"Y"
"trade",10.10.23 12:40:20,"BTCUSDT",3234644741,27487.46,0.00036,22680777299,22680788596,10.10.23 12:40:20,"Y"
"trade",10.10.23 12:40:20,"BTCUSDT",3234644742,27487.42,0.00022,22680783744,22680788596,10.10.23 12:40:20,"Y"
"trade",10.10.23 12:40:20,"BTCUSDT",3234644743,27487.4,0.00033,22680777228,22680788596,10.10.23 12:40:20,"Y"
"trade",10.10.23 12:40:20,"BTCUSDT",3234644744,27487.4,0.00025,22680777249,22680788596,10.10.23 12:40:20,"Y"
"trade",10.10.23 12:40:20,"BTCUSDT",3234644745,27487.39,0.00036,22680777317,22680788596,10.10.23 12:40:20,"Y"
"trade",10.10.23 12:40:20,"BTCUSDT",3234644746,27487.32,0.00036,22680777248,22680788596,10.10.23 12:40:20,"Y"
"trade",10.10.23 12:40:20,"BTCUSDT",3234644747,27487.28,0.00033,22680777254,22680788596,10.10.23 12:40:20,"Y"
"trade",10.10.23 12:40:20,"BTCUSDT",3234644748,27487.25,0.00036,22680777335,22680788596,10.10.23 12:40:20,"Y"
"trade",10.10.23 12:40:20,"BTCUSDT",3234644749,27487.24,0.00025,22680777234,22680788596,10.10.23 12:40:20,"Y"
"trade",10.10.23 12:40:20,"BTCUSDT",3234644750,27487.18,0.00036,22680777340,22680788596,10.10.23 12:40:20,"Y"
"trade",10.10.23 12:40:20,"BTCUSDT",3234644751,27487.16,0.00033,22680777276,22680788596,10.10.23 12:40:20,"Y"
"trade",10.10.23 12:40:20,"BTCUSDT",3234644752,27487.11,0.00036,22680777266,22680788596,10.10.23 12:40:20,"Y"
"trade",10.10.23 12:40:20,"BTCUSDT",3234644753,27487.08,0.00025,22680777298,22680788596,10.10.23 12:40:20,"Y"
"trade",10.10.23 12:40:20,"BTCUSDT",3234644754,27487.06,0.00022,22680777195,22680788596,10.10.23 12:40:20,"Y"
"trade",10.10.23 12:40:20,"BTCUSDT",3234644755,27487.04,0.00036,22680777280,22680788596,10.10.23 12:40:20,"Y"
"trade",10.10.23 12:40:20,"BTCUSDT",3234644756,27487.04,0.00033,22680777283,22680788596,10.10.23 12:40:20,"Y"
"trade",10.10.23 12:40:20,"BTCUSDT",3234644757,27486.97,0.00036,22680777225,22680788596,10.10.23 12:40:20,"Y"
"trade",10.10.23 12:40:20,"BTCUSDT",3234644758,27486.92,0.00033,22680777187,22680788596,10.10.23 12:40:20,"Y"
"trade",10.10.23 12:40:20,"BTCUSDT",3234644759,27486.92,0.00025,22680777310,22680788596,10.10.23 12:40:20,"Y"
"trade",10.10.23 12:40:20,"BTCUSDT",3234644760,27486.9,0.00036,22680777296,22680788596,10.10.23 12:40:20,"Y"
"trade",10.10.23 12:40:20,"BTCUSDT",3234644761,27486.86,0.04169,22680788556,22680788596,10.10.23 12:40:20,"Y"
"trade",10.10.23 12:40:20,"BTCUSDT",3234644762,27486.87,0.00137,22680788674,22680788609,10.10.23 12:40:20,"N"
"trade",10.10.23 12:40:20,"BTCUSDT",3234644763,27486.87,0.02766,22680788711,22680788609,10.10.23 12:40:20,"N"
"trade",10.10.23 12:40:21,"BTCUSDT",3234644764,27486.86,0.00027,22680788556,22680788896,10.10.23 12:40:21,"Y"
"trade",10.10.23 12:40:22,"BTCUSDT",3234644765,27486.87,0.002,22680788922,22680788609,10.10.23 12:40:22,"N"
"trade",10.10.23 12:40:23,"BTCUSDT",3234644766,27486.86,0.00084,22680788556,22680788984,10.10.23 12:40:23,"Y"
"trade",10.10.23 12:40:23,"BTCUSDT",3234644767,27486.86,0.008,22680788556,22680789006,10.10.23 12:40:23,"Y"
"trade",10.10.23 12:40:23,"BTCUSDT",3234644768,27486.87,0.00504,22680789031,22680788609,10.10.23 12:40:23,"N"
"trade",10.10.23 12:40:24,"BTCUSDT",3234644769,27486.86,0.00258,22680788556,22680789059,10.10.23 12:40:24,"Y"
"trade",10.10.23 12:40:24,"BTCUSDT",3234644770,27486.87,0.00185,22680789062,22680788609,10.10.23 12:40:24,"N"
"trade",10.10.23 12:40:24,"BTCUSDT",3234644771,27486.86,0.10074,22680788556,22680789070,10.10.23 12:40:24,"Y"
"trade",10.10.23 12:40:25,"BTCUSDT",3234644772,27486.86,0.00127,22680788556,22680789108,10.10.23 12:40:25,"Y"
"trade",10.10.23 12:40:25,"BTCUSDT",3234644773,27486.86,0.00159,22680788556,22680789122,10.10.23 12:40:25,"Y"
"trade",10.10.23 12:40:25,"BTCUSDT",3234644774,27486.87,0.00029,22680789129,22680788609,10.10.23 12:40:25,"N"
"trade",10.10.23 12:40:25,"BTCUSDT",3234644775,27486.86,0.00049,22680788723,22680789144,10.10.23 12:40:25,"Y"
"trade",10.10.23 12:40:25,"BTCUSDT",3234644776,27486.86,0.00048,22680788728,22680789144,10.10.23 12:40:25,"Y"
"trade",10.10.23 12:40:25,"BTCUSDT",3234644777,27486.86,0.00048,22680788740,22680789144,10.10.23 12:40:25,"Y"
"trade",10.10.23 12:40:25,"BTCUSDT",3234644778,27486.86,0.03019,22680788782,22680789144,10.10.23 12:40:25,"Y"
"trade",10.10.23 12:40:25,"BTCUSDT",3234644779,27486.86,0.0182,22680788981,22680789144,10.10.23 12:40:25,"Y"
"trade",10.10.23 12:40:25,"BTCUSDT",3234644780,27486.86,0.00041,22680789002,22680789144,10.10.23 12:40:25,"Y"
"trade",10.10.23 12:40:25,"BTCUSDT",3234644781,27486.86,0.0182,22680789041,22680789144,10.10.23 12:40:25,"Y"
"trade",10.10.23 12:40:25,"BTCUSDT",3234644782,27486.86,0.00122,22680789075,22680789144,10.10.23 12:40:25,"Y"
"trade",10.10.23 12:40:25,"BTCUSDT",3234644783,27486.86,0.38033,22680789082,22680789144,10.10.23 12:40:25,"Y"
"trade",10.10.23 12:40:25,"BTCUSDT",3234644784,27486.86,0.0182,22680789091,22680789146,10.10.23 12:40:25,"Y"
"trade",10.10.23 12:40:25,"BTCUSDT",3234644785,27486.83,0.00036,22680775902,22680789151,10.10.23 12:40:25,"Y"
"trade",10.10.23 12:40:25,"BTCUSDT",3234644786,27486.8,0.00033,22680775908,22680789151,10.10.23 12:40:25,"Y"
"trade",10.10.23 12:40:25,"BTCUSDT",3234644787,27486.76,0.00036,22680775846,22680789151,10.10.23 12:40:25,"Y"
"trade",10.10.23 12:40:25,"BTCUSDT",3234644788,27486.76,0.00025,22680775925,22680789151,10.10.23 12:40:25,"Y"
"trade",10.10.23 12:40:25,"BTCUSDT",3234644789,27486.7,0.00022,22680777241,22680789151,10.10.23 12:40:25,"Y"
"trade",10.10.23 12:40:25,"BTCUSDT",3234644790,27486.69,0.00036,22680775934,22680789151,10.10.23 12:40:25,"Y"
"trade",10.10.23 12:40:25,"BTCUSDT",3234644791,27486.68,0.00033,22680775873,22680789151,10.10.23 12:40:25,"Y"
"trade",10.10.23 12:40:25,"BTCUSDT",3234644792,27486.62,0.00036,22680775954,22680789172,10.10.23 12:40:25,"Y"
"trade",10.10.23 12:40:25,"BTCUSDT",3234644793,27486.6,0.00025,22680775936,22680789172,10.10.23 12:40:25,"Y"
"trade",10.10.23 12:40:25,"BTCUSDT",3234644794,27486.56,0.00033,22680775937,22680789172,10.10.23 12:40:25,"Y"
"trade",10.10.23 12:40:25,"BTCUSDT",3234644795,27486.55,0.00036,22680775961,22680789172,10.10.23 12:40:25,"Y"
"trade",10.10.23 12:40:25,"BTCUSDT",3234644796,27486.48,0.00036,22680775969,22680789172,10.10.23 12:40:25,"Y"
"trade",10.10.23 12:40:25,"BTCUSDT",3234644797,27486.44,0.00025,22680775945,22680789346,10.10.23 12:40:25,"Y"
"trade",10.10.23 12:40:25,"BTCUSDT",3234644798,27486.44,0.00033,22680775959,22680789346,10.10.23 12:40:25,"Y"
"trade",10.10.23 12:40:25,"BTCUSDT",3234644799,27486.41,0.00036,22680775864,22680789346,10.10.23 12:40:25,"Y"
"trade",10.10.23 12:40:25,"BTCUSDT",3234644800,27486.35,0.057,22680788766,22680789346,10.10.23 12:40:25,"Y"
"trade",10.10.23 12:40:25,"BTCUSDT",3234644801,27486.34,0.00022,22680775897,22680789346,10.10.23 12:40:25,"Y"
"trade",10.10.23 12:40:25,"BTCUSDT",3234644802,27486.34,0.00036,22680775921,22680789346,10.10.23 12:40:25,"Y"
"trade",10.10.23 12:40:25,"BTCUSDT",3234644803,27486.32,0.00033,22680775799,22680789346,10.10.23 12:40:25,"Y"
"trade",10.10.23 12:40:25,"BTCUSDT",3234644804,27486.28,0.00025,22680775907,22680789346,10.10.23 12:40:25,"Y"
"trade",10.10.23 12:40:25,"BTCUSDT",3234644805,27486.28,0.00557,22680778316,22680789346,10.10.23 12:40:25,"Y"
"trade",10.10.23 12:40:25,"BTCUSDT",3234644806,27486.27,0.00036,22680775943,22680789346,10.10.23 12:40:25,"Y"
"trade",10.10.23 12:40:25,"BTCUSDT",3234644807,27486.22,0.00588,22680774885,22680789346,10.10.23 12:40:25,"Y"
"trade",10.10.23 12:40:25,"BTCUSDT",3234644808,27486.22,0.00049,22680775549,22680789346,10.10.23 12:40:25,"Y"
"trade",10.10.23 12:40:25,"BTCUSDT",3234644809,27486.22,0.00555,22680775958,22680789346,10.10.23 12:40:25,"Y"
"trade",10.10.23 12:40:25,"BTCUSDT",3234644810,27486.22,0.0024,22680775962,22680789346,10.10.23 12:40:25,"Y"
"trade",10.10.23 12:40:25,"BTCUSDT",3234644811,27486.22,0.00517,22680776495,22680789346,10.10.23 12:40:25,"Y"
"trade",10.10.23 12:40:25,"BTCUSDT",3234644812,27486.2,0.00033,22680771702,22680789346,10.10.23 12:40:25,"Y"
"trade",10.10.23 12:40:25,"BTCUSDT",3234644813,27486.2,0.00036,22680772074,22680789346,10.10.23 12:40:25,"Y"
"trade",10.10.23 12:40:25,"BTCUSDT",3234644814,27486.13,0.00036,22680772105,22680789346,10.10.23 12:40:25,"Y"
"trade",10.10.23 12:40:25,"BTCUSDT",3234644815,27486.12,0.00025,22680771763,22680789346,10.10.23 12:40:25,"Y"
"trade",10.10.23 12:40:25,"BTCUSDT",3234644816,27486.09,0.00909,22680576877,22680789346,10.10.23 12:40:25,"Y"
"trade",10.10.23 12:40:25,"BTCUSDT",3234644817,27486.08,0.00033,22680771709,22680789346,10.10.23 12:40:25,"Y"
"trade",10.10.23 12:40:25,"BTCUSDT",3234644818,27486.06,0.00036,22680772138,22680789346,10.10.23 12:40:25,"Y"
"trade",10.10.23 12:40:25,"BTCUSDT",3234644819,27486,0.04705,22680576427,22680789346,10.10.23 12:40:25,"Y"
"trade",10.10.23 12:40:25,"BTCUSDT",3234644820,27485.99,0.00036,22680772177,22680789346,10.10.23 12:40:25,"Y"
"trade",10.10.23 12:40:25,"BTCUSDT",3234644821,27485.98,0.00022,22680768096,22680789346,10.10.23 12:40:25,"Y"
"trade",10.10.23 12:40:25,"BTCUSDT",3234644822,27485.96,0.00033,22680771727,22680789346,10.10.23 12:40:25,"Y"
"trade",10.10.23 12:40:25,"BTCUSDT",3234644823,27485.96,0.00025,22680771786,22680789346,10.10.23 12:40:25,"Y"
"trade",10.10.23 12:40:25,"BTCUSDT",3234644824,27485.92,0.00036,22680772195,22680789346,10.10.23 12:40:25,"Y"
"trade",10.10.23 12:40:25,"BTCUSDT",3234644825,27485.85,0.00036,22680772208,22680789346,10.10.23 12:40:25,"Y"
"trade",10.10.23 12:40:25,"BTCUSDT",3234644826,27485.84,0.00033,22680771735,22680789346,10.10.23 12:40:25,"Y"
"trade",10.10.23 12:40:25,"BTCUSDT",3234644827,27485.81,0.00502,22680774555,22680789346,10.10.23 12:40:25,"Y"
"trade",10.10.23 12:40:25,"BTCUSDT",3234644828,27485.8,0.00025,22680771836,22680789346,10.10.23 12:40:25,"Y"
"trade",10.10.23 12:40:25,"BTCUSDT",3234644829,27485.78,0.00036,22680772224,22680789346,10.10.23 12:40:25,"Y"
"trade",10.10.23 12:40:25,"BTCUSDT",3234644830,27485.72,0.00033,22680771756,22680789484,10.10.23 12:40:25,"Y"
"trade",10.10.23 12:40:25,"BTCUSDT",3234644831,27485.67,0.0005,22680774525,22680789532,10.10.23 12:40:25,"Y"
"trade",10.10.23 12:40:25,"BTCUSDT",3234644832,27485.64,0.00025,22680771878,22680789549,10.10.23 12:40:25,"Y"
"trade",10.10.23 12:40:25,"BTCUSDT",3234644833,27485.62,0.00022,22680768001,22680789610,10.10.23 12:40:25,"Y"
"trade",10.10.23 12:40:25,"BTCUSDT",3234644834,27485.61,0.00037,22680762292,22680789687,10.10.23 12:40:25,"Y"
"trade",10.10.23 12:40:25,"BTCUSDT",3234644835,27485.61,0.00103,22680789686,22680789687,10.10.23 12:40:25,"Y"
"trade",10.10.23 12:40:25,"BTCUSDT",3234644836,27485.62,0.00024,22680789806,22680789610,10.10.23 12:40:25,"N"
"trade",10.10.23 12:40:25,"BTCUSDT",3234644837,27485.62,0.00017,22680789806,22680789611,10.10.23 12:40:25,"N"
"trade",10.10.23 12:40:25,"BTCUSDT",3234644838,27485.62,0.00363,22680789818,22680789611,10.10.23 12:40:25,"N"
"trade",10.10.23 12:40:26,"BTCUSDT",3234644839,27485.62,0.00414,22680789899,22680789611,10.10.23 12:40:26,"N"
"trade",10.10.23 12:40:26,"BTCUSDT",3234644840,27485.62,0.00076,22680789908,22680789611,10.10.23 12:40:26,"N"
"trade",10.10.23 12:40:26,"BTCUSDT",3234644841,27485.62,0.02208,22680790008,22680789611,10.10.23 12:40:26,"N"
"trade",10.10.23 12:40:27,"BTCUSDT",3234644842,27485.62,0.00429,22680790097,22680789611,10.10.23 12:40:27,"N"
"trade",10.10.23 12:40:27,"BTCUSDT",3234644843,27485.61,0.00271,22680789720,22680790117,10.10.23 12:40:27,"Y"
"trade",10.10.23 12:40:27,"BTCUSDT",3234644844,27485.61,0.01763,22680789720,22680790126,10.10.23 12:40:27,"Y"
"trade",10.10.23 12:40:28,"BTCUSDT",3234644845,27485.61,0.008,22680789720,22680790154,10.10.23 12:40:28,"Y"
"trade",10.10.23 12:40:28,"BTCUSDT",3234644846,27485.62,0.00036,22680790160,22680789611,10.10.23 12:40:28,"N"
"trade",10.10.23 12:40:28,"BTCUSDT",3234644847,27485.61,0.00387,22680789720,22680790181,10.10.23 12:40:28,"Y"
"trade",10.10.23 12:40:29,"BTCUSDT",3234644848,27485.62,0.02477,22680790202,22680789611,10.10.23 12:40:29,"N"
"trade",10.10.23 12:40:29,"BTCUSDT",3234644849,27485.62,0.00023,22680790213,22680789611,10.10.23 12:40:29,"N"
"trade",10.10.23 12:40:29,"BTCUSDT",3234644850,27485.61,0.00652,22680789720,22680790251,10.10.23 12:40:29,"Y"
"trade",10.10.23 12:40:29,"BTCUSDT",3234644851,27485.61,0.0262,22680789755,22680790251,10.10.23 12:40:29,"Y"
"trade",10.10.23 12:40:29,"BTCUSDT",3234644852,27485.62,0.00843,22680790259,22680789611,10.10.23 12:40:29,"N"
"trade",10.10.23 12:40:30,"BTCUSDT",3234644853,27485.61,0.0037,22680789755,22680790269,10.10.23 12:40:30,"Y"
"trade",10.10.23 12:40:30,"BTCUSDT",3234644854,27485.61,0.00089,22680789755,22680790293,10.10.23 12:40:30,"Y"
"trade",10.10.23 12:40:30,"BTCUSDT",3234644855,27485.62,0.00436,22680790385,22680789611,10.10.23 12:40:30,"N"
"trade",10.10.23 12:40:30,"BTCUSDT",3234644856,27485.62,0.0029,22680790386,22680789611,10.10.23 12:40:30,"N"
"trade",10.10.23 12:40:30,"BTCUSDT",3234644857,27485.62,0.08143,22680790387,22680789611,10.10.23 12:40:30,"N"
"trade",10.10.23 12:40:30,"BTCUSDT",3234644858,27485.62,0.04233,22680790389,22680789611,10.10.23 12:40:30,"N"
"trade",10.10.23 12:40:30,"BTCUSDT",3234644859,27485.62,0.00111,22680790390,22680789611,10.10.23 12:40:30,"N"
"trade",10.10.23 12:40:30,"BTCUSDT",3234644860,27485.62,0.00074,22680790391,22680789611,10.10.23 12:40:30,"N"
"trade",10.10.23 12:40:30,"BTCUSDT",3234644861,27485.61,0.05052,22680789755,22680790429,10.10.23 12:40:30,"Y"
"trade",10.10.23 12:40:30,"BTCUSDT",3234644862,27485.62,0.00149,22680790449,22680789611,10.10.23 12:40:30,"N"
"trade",10.10.23 12:40:31,"BTCUSDT",3234644863,27485.61,0.00306,22680789755,22680790467,10.10.23 12:40:31,"Y"
"trade",10.10.23 12:40:31,"BTCUSDT",3234644864,27485.61,0.00686,22680789755,22680790504,10.10.23 12:40:31,"Y"
"trade",10.10.23 12:40:31,"BTCUSDT",3234644865,27485.61,0.00147,22680789755,22680790505,10.10.23 12:40:31,"Y"
"trade",10.10.23 12:40:31,"BTCUSDT",3234644866,27485.61,0.008,22680789755,22680790527,10.10.23 12:40:31,"Y"
"trade",10.10.23 12:40:31,"BTCUSDT",3234644867,27485.61,0.0063,22680789755,22680790529,10.10.23 12:40:31,"Y"
"trade",10.10.23 12:40:32,"BTCUSDT",3234644868,27485.61,0.00204,22680789755,22680790544,10.10.23 12:40:32,"Y"
"trade",10.10.23 12:40:32,"BTCUSDT",3234644869,27485.62,0.00019,22680790550,22680789611,10.10.23 12:40:32,"N"
"trade",10.10.23 12:40:32,"BTCUSDT",3234644870,27485.61,0.0994,22680789755,22680790563,10.10.23 12:40:32,"Y"
"trade",10.10.23 12:40:32,"BTCUSDT",3234644871,27485.61,0.02235,22680789755,22680790577,10.10.23 12:40:32,"Y"
"trade",10.10.23 12:40:33,"BTCUSDT",3234644872,27485.61,0.02675,22680789755,22680790611,10.10.23 12:40:33,"Y"
"trade",10.10.23 12:40:34,"BTCUSDT",3234644873,27485.61,0.00261,22680789755,22680790664,10.10.23 12:40:34,"Y"
"trade",10.10.23 12:40:34,"BTCUSDT",3234644874,27485.61,0.01115,22680789755,22680790675,10.10.23 12:40:34,"Y"
"trade",10.10.23 12:40:34,"BTCUSDT",3234644875,27485.61,0.00224,22680789755,22680790721,10.10.23 12:40:34,"Y"
"trade",10.10.23 12:40:34,"BTCUSDT",3234644876,27485.61,0.17646,22680789755,22680790750,10.10.23 12:40:34,"Y"
"trade",10.10.23 12:40:34,"BTCUSDT",3234644877,27485.61,0.0182,22680789808,22680790750,10.10.23 12:40:34,"Y"
"trade",10.10.23 12:40:34,"BTCUSDT",3234644878,27485.61,0.00534,22680789993,22680790750,10.10.23 12:40:34,"Y"
"trade",10.10.23 12:40:35,"BTCUSDT",3234644879,27485.62,0.00036,22680790859,22680789611,10.10.23 12:40:35,"N"
"trade",10.10.23 12:40:36,"BTCUSDT",3234644880,27485.62,0.00026,22680790907,22680789611,10.10.23 12:40:36,"N"
"trade",10.10.23 12:40:37,"BTCUSDT",3234644881,27485.61,0.00277,22680789993,22680790915,10.10.23 12:40:37,"Y"
"trade",10.10.23 12:40:37,"BTCUSDT",3234644882,27485.62,0.00076,22680790948,22680789611,10.10.23 12:40:37,"N"
"trade",10.10.23 12:40:37,"BTCUSDT",3234644883,27485.61,0.03998,22680789993,22680790954,10.10.23 12:40:37,"Y"
"trade",10.10.23 12:40:37,"BTCUSDT",3234644884,27485.61,0.00036,22680789993,22680790968,10.10.23 12:40:37,"Y"
"trade",10.10.23 12:40:37,"BTCUSDT",3234644885,27485.61,0.00624,22680789993,22680790972,10.10.23 12:40:37,"Y"
"trade",10.10.23 12:40:38,"BTCUSDT",3234644886,27485.61,0.0034,22680789993,22680790976,10.10.23 12:40:38,"Y"
"trade",10.10.23 12:40:38,"BTCUSDT",3234644887,27485.62,0.06714,22680790987,22680789611,10.10.23 12:40:38,"N"
"trade",10.10.23 12:40:38,"BTCUSDT",3234644888,27485.61,0.00541,22680789993,22680791016,10.10.23 12:40:38,"Y"
"trade",10.10.23 12:40:39,"BTCUSDT",3234644889,27485.61,0.00647,22680789993,22680791050,10.10.23 12:40:39,"Y"
"trade",10.10.23 12:40:39,"BTCUSDT",3234644890,27485.61,0.11628,22680789993,22680791053,10.10.23 12:40:39,"Y"
"trade",10.10.23 12:40:40,"BTCUSDT",3234644891,27485.61,0.00305,22680789993,22680791065,10.10.23 12:40:40,"Y"
"trade",10.10.23 12:40:41,"BTCUSDT",3234644892,27485.61,0.00138,22680789993,22680791130,10.10.23 12:40:41,"Y"
"trade",10.10.23 12:40:41,"BTCUSDT",3234644893,27485.61,0.00936,22680789993,22680791146,10.10.23 12:40:41,"Y"
"trade",10.10.23 12:40:41,"BTCUSDT",3234644894,27485.61,0.002,22680789993,22680791151,10.10.23 12:40:41,"Y"
"trade",10.10.23 12:40:42,"BTCUSDT",3234644895,27485.62,0.00067,22680791170,22680789611,10.10.23 12:40:42,"N"
"trade",10.10.23 12:40:43,"BTCUSDT",3234644896,27485.61,0.00026,22680789993,22680791193,10.10.23 12:40:43,"Y"
"trade",10.10.23 12:40:43,"BTCUSDT",3234644897,27485.62,0.00272,22680791195,22680789611,10.10.23 12:40:43,"N"
"trade",10.10.23 12:40:43,"BTCUSDT",3234644898,27485.62,0.00071,22680791204,22680789611,10.10.23 12:40:43,"N"
"trade",10.10.23 12:40:44,"BTCUSDT",3234644899,27485.62,0.00848,22680791210,22680789611,10.10.23 12:40:44,"N"
"trade",10.10.23 12:40:44,"BTCUSDT",3234644900,27485.62,0.01455,22680791347,22680789656,10.10.23 12:40:44,"N"
"trade",10.10.23 12:40:44,"BTCUSDT",3234644901,27485.61,0.00234,22680789993,22680791365,10.10.23 12:40:44,"Y"
"trade",10.10.23 12:40:45,"BTCUSDT",3234644902,27485.62,0.02901,22680791455,22680789656,10.10.23 12:40:45,"N"
"trade",10.10.23 12:40:45,"BTCUSDT",3234644903,27485.62,0.00032,22680791457,22680789656,10.10.23 12:40:45,"N"
"trade",10.10.23 12:40:45,"BTCUSDT",3234644904,27485.62,0.10157,22680791474,22680789656,10.10.23 12:40:45,"N"
"trade",10.10.23 12:40:45,"BTCUSDT",3234644905,27485.62,0.0016,22680791474,22680789814,10.10.23 12:40:45,"N"
"trade",10.10.23 12:40:45,"BTCUSDT",3234644906,27485.62,0.05156,22680791474,22680791203,10.10.23 12:40:45,"N"
"trade",10.10.23 12:40:45,"BTCUSDT",3234644907,27485.62,0.0105,22680791474,22680791374,10.10.23 12:40:45,"N"
"trade",10.10.23 12:40:45,"BTCUSDT",3234644908,27485.62,0.00072,22680791474,22680791203,10.10.23 12:40:45,"N"
"trade",10.10.23 12:40:45,"BTCUSDT",3234644909,27485.62,0.05084,22680791475,22680791203,10.10.23 12:40:45,"N"
"trade",10.10.23 12:40:45,"BTCUSDT",3234644910,27485.62,0.05156,22680791475,22680791203,10.10.23 12:40:45,"N"
"trade",10.10.23 12:40:45,"BTCUSDT",3234644911,27485.62,0.05156,22680791475,22680791203,10.10.23 12:40:45,"N"
"trade",10.10.23 12:40:45,"BTCUSDT",3234644912,27485.62,0.01796,22680791475,22680791203,10.10.23 12:40:45,"N"
"trade",10.10.23 12:40:45,"BTCUSDT",3234644913,27485.62,0.0336,22680791476,22680791203,10.10.23 12:40:45,"N"
"trade",10.10.23 12:40:45,"BTCUSDT",3234644914,27485.62,0.00953,22680791476,22680791203,10.10.23 12:40:45,"N"
"trade",10.10.23 12:40:45,"BTCUSDT",3234644915,27485.62,0.04203,22680791477,22680791203,10.10.23 12:40:45,"N"
"trade",10.10.23 12:40:45,"BTCUSDT",3234644916,27485.62,0.0011,22680791477,22680791203,10.10.23 12:40:45,"N"
"trade",10.10.23 12:40:45,"BTCUSDT",3234644917,27485.62,0.0344,22680791478,22680791203,10.10.23 12:40:45,"N"
"trade",10.10.23 12:40:45,"BTCUSDT",3234644918,27485.62,0.01606,22680791479,22680791203,10.10.23 12:40:45,"N"
"trade",10.10.23 12:40:45,"BTCUSDT",3234644919,27485.62,0.04818,22680791479,22680791203,10.10.23 12:40:45,"N"
"trade",10.10.23 12:40:45,"BTCUSDT",3234644920,27485.62,0.00338,22680791480,22680791203,10.10.23 12:40:45,"N"
"trade",10.10.23 12:40:45,"BTCUSDT",3234644921,27485.62,0.05156,22680791480,22680791203,10.10.23 12:40:45,"N"
"trade",10.10.23 12:40:45,"BTCUSDT",3234644922,27485.62,0.05151,22680791480,22680791203,10.10.23 12:40:45,"N"
"trade",10.10.23 12:40:45,"BTCUSDT",3234644923,27485.63,0.00072,22680791480,22680789629,10.10.23 12:40:45,"N"
"trade",10.10.23 12:40:45,"BTCUSDT",3234644924,27485.8,0.00025,22680791480,22680789877,10.10.23 12:40:45,"N"
"trade",10.10.23 12:40:45,"BTCUSDT",3234644925,27485.84,0.00033,22680791480,22680789833,10.10.23 12:40:45,"N"
"trade",10.10.23 12:40:45,"BTCUSDT",3234644926,27485.85,0.00036,22680791480,22680790021,10.10.23 12:40:45,"N"
"trade",10.10.23 12:40:45,"BTCUSDT",3234644927,27485.92,0.00036,22680791480,22680790031,10.10.23 12:40:45,"N"
"trade",10.10.23 12:40:45,"BTCUSDT",3234644928,27485.96,0.00033,22680791480,22680789821,10.10.23 12:40:45,"N"
"trade",10.10.23 12:40:45,"BTCUSDT",3234644929,27485.96,0.00025,22680791480,22680789864,10.10.23 12:40:45,"N"
"trade",10.10.23 12:40:45,"BTCUSDT",3234644930,27485.98,0.00022,22680791480,22680789801,10.10.23 12:40:45,"N"
"trade",10.10.23 12:40:45,"BTCUSDT",3234644931,27485.99,0.00036,22680791480,22680790044,10.10.23 12:40:45,"N"
"trade",10.10.23 12:40:45,"BTCUSDT",3234644932,27486.06,0.00036,22680791480,22680790056,10.10.23 12:40:45,"N"
"trade",10.10.23 12:40:45,"BTCUSDT",3234644933,27486.08,0.00033,22680791480,22680789810,10.10.23 12:40:45,"N"
"trade",10.10.23 12:40:45,"BTCUSDT",3234644934,27486.12,0.00025,22680791480,22680789856,10.10.23 12:40:45,"N"
"trade",10.10.23 12:40:45,"BTCUSDT",3234644935,27486.13,0.00036,22680791480,22680790061,10.10.23 12:40:45,"N"
"trade",10.10.23 12:40:45,"BTCUSDT",3234644936,27486.2,0.00033,22680791480,22680789771,10.10.23 12:40:45,"N"
"trade",10.10.23 12:40:45,"BTCUSDT",3234644937,27486.2,0.00036,22680791480,22680790072,10.10.23 12:40:45,"N"
"trade",10.10.23 12:40:45,"BTCUSDT",3234644938,27486.27,0.00036,22680791480,22680790082,10.10.23 12:40:45,"N"
"trade",10.10.23 12:40:45,"BTCUSDT",3234644939,27486.28,0.00025,22680791480,22680789817,10.10.23 12:40:45,"N"
"trade",10.10.23 12:40:45,"BTCUSDT",3234644940,27486.32,0.00033,22680791480,22680789682,10.10.23 12:40:45,"N"
"trade",10.10.23 12:40:45,"BTCUSDT",3234644941,27486.34,0.00022,22680791480,22680789776,10.10.23 12:40:45,"N"
"trade",10.10.23 12:40:45,"BTCUSDT",3234644942,27486.34,0.00036,22680791480,22680790090,10.10.23 12:40:45,"N"
"trade",10.10.23 12:40:45,"BTCUSDT",3234644943,27486.41,0.00036,22680791480,22680790020,10.10.23 12:40:45,"N"
"trade",10.10.23 12:40:45,"BTCUSDT",3234644944,27486.44,0.00025,22680791480,22680789722,10.10.23 12:40:45,"N"
"trade",10.10.23 12:40:45,"BTCUSDT",3234644945,27486.44,0.00033,22680791480,22680789728,10.10.23 12:40:45,"N"
"trade",10.10.23 12:40:45,"BTCUSDT",3234644946,27486.48,0.00036,22680791480,22680790026,10.10.23 12:40:45,"N"
"trade",10.10.23 12:40:45,"BTCUSDT",3234644947,27486.55,0.00036,22680791480,22680790040,10.10.23 12:40:45,"N"
"trade",10.10.23 12:40:45,"BTCUSDT",3234644948,27486.56,0.00033,22680791480,22680789824,10.10.23 12:40:45,"N"
"trade",10.10.23 12:40:45,"BTCUSDT",3234644949,27486.6,0.00025,22680791480,22680789929,10.10.23 12:40:45,"N"
"trade",10.10.23 12:40:45,"BTCUSDT",3234644950,27486.62,0.00036,22680791480,22680790050,10.10.23 12:40:45,"N"
"trade",10.10.23 12:40:45,"BTCUSDT",3234644951,27486.68,0.00033,22680791480,22680789811,10.10.23 12:40:45,"N"
"trade",10.10.23 12:40:45,"BTCUSDT",3234644952,27486.69,0.00036,22680791480,22680790059,10.10.23 12:40:45,"N"
"trade",10.10.23 12:40:45,"BTCUSDT",3234644953,27486.7,0.00022,22680791480,22680789827,10.10.23 12:40:45,"N"
"trade",10.10.23 12:40:45,"BTCUSDT",3234644954,27486.76,0.00025,22680791480,22680789887,10.10.23 12:40:45,"N"
"trade",10.10.23 12:40:45,"BTCUSDT",3234644955,27486.76,0.00036,22680791480,22680790067,10.10.23 12:40:45,"N"
"trade",10.10.23 12:40:45,"BTCUSDT",3234644956,27486.8,0.00033,22680791480,22680789519,10.10.23 12:40:45,"N"
"trade",10.10.23 12:40:45,"BTCUSDT",3234644957,27486.83,0.00036,22680791480,22680790077,10.10.23 12:40:45,"N"
"trade",10.10.23 12:40:45,"BTCUSDT",3234644958,27486.9,0.00036,22680791480,22680790086,10.10.23 12:40:45,"N"
"trade",10.10.23 12:40:45,"BTCUSDT",3234644959,27486.92,0.00025,22680791480,22680789684,10.10.23 12:40:45,"N"
"trade",10.10.23 12:40:45,"BTCUSDT",3234644960,27486.92,0.00033,22680791480,22680789789,10.10.23 12:40:45,"N"
"trade",10.10.23 12:40:45,"BTCUSDT",3234644961,27486.97,0.00036,22680791480,22680790995,10.10.23 12:40:45,"N"
"trade",10.10.23 12:40:45,"BTCUSDT",3234644962,27487.04,0.00033,22680791480,22680788676,10.10.23 12:40:45,"N"
"trade",10.10.23 12:40:45,"BTCUSDT",3234644963,27487.04,0.00036,22680791480,22680791005,10.10.23 12:40:45,"N"
"trade",10.10.23 12:40:45,"BTCUSDT",3234644964,27487.06,0.00022,22680791480,22680789743,10.10.23 12:40:45,"N"
"trade",10.10.23 12:40:45,"BTCUSDT",3234644965,27487.08,0.00025,22680791480,22680788824,10.10.23 12:40:45,"N"
"trade",10.10.23 12:40:45,"BTCUSDT",3234644966,27487.11,0.00036,22680791480,22680790000,10.10.23 12:40:45,"N"
"trade",10.10.23 12:40:45,"BTCUSDT",3234644967,27487.16,0.00033,22680791480,22680788768,10.10.23 12:40:45,"N"
"trade",10.10.23 12:40:45,"BTCUSDT",3234644968,27487.18,0.00036,22680791480,22680790013,10.10.23 12:40:45,"N"
"trade",10.10.23 12:40:45,"BTCUSDT",3234644969,27487.24,0.00025,22680791480,22680788776,10.10.23 12:40:45,"N"
"trade",10.10.23 12:40:45,"BTCUSDT",3234644970,27487.25,0.00036,22680791480,22680790022,10.10.23 12:40:45,"N"
"trade",10.10.23 12:40:45,"BTCUSDT",3234644971,27487.28,0.00033,22680791480,22680788739,10.10.23 12:40:45,"N"
"trade",10.10.23 12:40:45,"BTCUSDT",3234644972,27487.32,0.00036,22680791480,22680790038,10.10.23 12:40:45,"N"
"trade",10.10.23 12:40:45,"BTCUSDT",3234644976,27487.42,0.00022,22680791480,22680788684,10.10.23 12:40:45,"N"
"trade",10.10.23 12:40:45,"BTCUSDT",3234644973,27487.39,0.00036,22680791480,22680790049,10.10.23 12:40:45,"N"
"trade",10.10.23 12:40:45,"BTCUSDT",3234644974,27487.4,0.00025,22680791480,22680788687,10.10.23 12:40:45,"N"
"trade",10.10.23 12:40:45,"BTCUSDT",3234644975,27487.4,0.00033,22680791480,22680788708,10.10.23 12:40:45,"N"
